1734967971149;364.9537048339844;298.2594909667969;0.30679615757708273;1.6402089574464787;-0.6676651379271263;0.03413107253045045;0.190980608091734;-1.5715633171886063;2.759247942208888;95.94813537597656;0.0
1734967971150;364.9537048339844;298.2594909667969;0.3067961575770827;1.6402089574464789;-0.6676651379271263;0.0341310725304504;0.190980608091734;-1.5715633171886063;2.759247942208888;95.94813537597656;0.0
1734967971151;364.9537048339844;298.2594909667969;0.3067961575770827;1.6402089574464789;-0.6676651379271263;0.0341310725304504;0.190980608091734;-1.5715633171886063;2.759247942208888;95.94813537597656;0.0
1734967971152;364.9537048339844;298.2594909667969;0.3067961575770827;1.6402089574464789;-0.6676651379271263;0.0341310725304504;0.190980608091734;-1.5715633171886063;2.759247942208888;95.94813537597656;0.0
1734967971153;364.9537048339844;298.2594909667969;0.3067961575770827;1.6402089574464789;-0.6676651379271263;0.0341310725304504;0.190980608091734;-1.5715633171886063;2.759247942208888;95.94813537597656;0.0
1734967971154;364.9537048339844;298.2594909667969;0.3067961575770827;1.6402089574464789;-0.6676651379271263;0.0341310725304504;0.190980608091734;-1.5715633171886063;2.759247942208888;95.94813537597656;0.0
1734967971156;364.9537048339844;298.2594909667969;0.3067961575770827;1.6402089574464789;-0.6676651379271263;0.0341310725304504;0.190980608091734;-1.5715633171886063;2.759247942208888;95.94813537597656;0.0
1734967971157;364.9537048339844;298.2594909667969;0.3067961575770827;1.6402089574464789;-0.6676651379271263;0.0341310725304504;0.190980608091734;-1.5715633171886063;2.759247942208888;95.94813537597656;0.0
1734967971158;364.9537048339844;298.2594909667969;0.3071796527740541;1.6398254622495072;-0.6676651379271263;0.0345145677274218;0.1905971128947626;-1.5715633171886063;2.758864447011917;95.94813537597656;0.0
1734967971159;364.9537048339844;298.2594909667969;0.3071796527740541;1.6398254622495072;-0.6676651379271263;0.0345145677274218;0.1905971128947626;-1.5715633171886063;2.758864447011917;95.94813537597656;0.0
1734967971160;364.9537048339844;298.2594909667969;0.3071796527740541;1.6398254622495072;-0.6676651379271263;0.0345145677274218;0.1905971128947626;-1.5715633171886063;2.758864447011917;95.94813537597656;0.0
1734967971161;364.9537048339844;298.2594909667969;0.3071796527740541;1.6398254622495072;-0.6676651379271263;0.0345145677274218;0.1905971128947626;-1.5715633171886063;2.758864447011917;95.94813537597656;0.0
1734967971162;364.9537048339844;298.2594909667969;0.3071796527740541;1.6398254622495072;-0.6676651379271263;0.0345145677274218;0.1905971128947626;-1.5715633171886063;2.758864447011917;95.94813537597656;0.0
1734967971163;364.9537048339844;298.2594909667969;0.3071796527740541;1.6398254622495072;-0.6676651379271263;0.0345145677274218;0.1905971128947626;-1.5715633171886063;2.758864447011917;95.94813537597656;0.0
1734967971165;364.9537048339844;298.2594909667969;0.3071796527740541;1.6398254622495072;-0.6676651379271263;0.0345145677274218;0.1905971128947626;-1.5715633171886063;2.758864447011917;95.94813537597656;0.0
1734967971166;364.9537048339844;298.2594909667969;0.3071796527740541;1.6398254622495072;-0.6676651379271263;0.0345145677274218;0.1905971128947626;-1.5715633171886063;2.758864447011917;95.94813537597656;0.0
1734967971167;364.9537048339844;298.2594909667969;0.3071796527740541;1.6398254622495072;-0.6676651379271263;0.0345145677274218;0.1905971128947626;-1.5715633171886063;2.758864447011917;95.94813537597656;0.0
1734967971168;364.9537048339844;298.2594909667969;0.3071796527740541;1.6398254622495072;-0.6676651379271263;0.0345145677274218;0.1905971128947626;-1.5715633171886063;2.758864447011917;95.94813537597656;0.0
1734967971169;364.9537048339844;298.2594909667969;0.3071796527740541;1.6398254622495072;-0.6676651379271263;0.0345145677274218;0.1905971128947626;-1.5715633171886063;2.758864447011917;95.94813537597656;0.0
1734967971170;364.9537048339844;298.2594909667969;0.3071796527740541;1.6398254622495072;-0.6676651379271263;0.0345145677274218;0.1905971128947626;-1.5715633171886063;2.758864447011917;95.94813537597656;0.0
1734967971171;364.9537048339844;298.2594909667969;0.3071796527740541;1.6398254622495072;-0.6676651379271263;0.0345145677274218;0.1905971128947626;-1.5715633171886063;2.758864447011917;95.94813537597656;0.0
1734967971173;364.9537048339844;298.2594909667969;0.3071796527740541;1.6398254622495072;-0.6676651379271263;0.0345145677274218;0.1905971128947626;-1.5715633171886063;2.758864447011917;95.94813537597656;0.0
1734967971174;364.9537048339844;298.2594909667969;0.3071796527740541;1.6398254622495072;-0.6676651379271263;0.0345145677274218;0.1905971128947626;-1.5715633171886063;2.758864447011917;95.94813537597656;0.0
1734967971175;364.9537048339844;298.2594909667969;0.3071796527740541;1.6398254622495072;-0.6676651379271263;0.0345145677274218;0.1905971128947626;-1.5715633171886063;2.758864447011917;95.94813537597656;0.0
1734967971176;364.9537048339844;298.2594909667969;0.3071796527740541;1.6398254622495072;-0.6676651379271263;0.0345145677274218;0.1905971128947626;-1.5715633171886063;2.758864447011917;95.94813537597656;0.0
1734967971177;364.9537048339844;298.2594909667969;0.3071796527740541;1.6398254622495072;-0.6676651379271263;0.0345145677274218;0.1905971128947626;-1.5715633171886063;2.758864447011917;95.94813537597656;0.0
1734967971178;364.9537048339844;298.2594909667969;0.3071796527740541;1.6398254622495072;-0.6676651379271263;0.0345145677274218;0.1905971128947626;-1.5715633171886063;2.758864447011917;95.94813537597656;0.0
1734967971179;364.9537048339844;298.2594909667969;0.3071796527740541;1.6398254622495072;-0.6676651379271263;0.0345145677274218;0.1905971128947626;-1.5715633171886063;2.758864447011917;95.94813537597656;0.0
1734967971181;364.9537048339844;298.2594909667969;0.3071796527740541;1.6398254622495072;-0.6676651379271263;0.0345145677274218;0.1905971128947626;-1.5715633171886063;2.758864447011917;95.94813537597656;0.0
1734967971182;364.9537048339844;298.2594909667969;0.3071796527740541;1.6398254622495072;-0.6676651379271263;0.0345145677274218;0.1905971128947626;-1.5715633171886063;2.758864447011917;95.94813537597656;0.0
1734967971183;364.9537048339844;298.2594909667969;0.3071796527740541;1.6398254622495072;-0.6676651379271263;0.0345145677274218;0.1905971128947626;-1.5715633171886063;2.758864447011917;95.94813537597656;0.0
1734967971184;364.9537048339844;298.2594909667969;0.3071796527740541;1.6398254622495072;-0.6676651379271263;0.0345145677274218;0.1905971128947626;-1.5715633171886063;2.758864447011917;95.94813537597656;0.0
1734967971186;364.9537048339844;298.2594909667969;0.3071796527740541;1.6398254622495072;-0.6676651379271263;0.0345145677274218;0.1905971128947626;-1.5715633171886063;2.758864447011917;95.94813537597656;0.0
1734967971187;364.9537048339844;298.2594909667969;0.3071796527740541;1.6398254622495072;-0.6676651379271263;0.0345145677274218;0.1905971128947626;-1.5715633171886063;2.758864447011917;95.94813537597656;0.0
1734967971189;364.9537048339844;298.2594909667969;0.3075631479710254;1.6402089574464789;-0.6680486331240977;0.0341310725304504;0.1913641032887053;-1.572330307582549;2.758480951814945;95.94813537597656;0.0
1734967971190;364.9537048339844;298.2594909667969;0.3075631479710254;1.6402089574464789;-0.6680486331240977;0.0341310725304504;0.1913641032887053;-1.572330307582549;2.758480951814945;95.94813537597656;0.0
1734967971191;364.9537048339844;298.2594909667969;0.3075631479710254;1.6402089574464789;-0.6680486331240977;0.0341310725304504;0.1913641032887053;-1.572330307582549;2.758480951814945;95.94813537597656;0.0
1734967971192;364.9537048339844;298.2594909667969;0.3075631479710254;1.6402089574464789;-0.6680486331240977;0.0341310725304504;0.1913641032887053;-1.572330307582549;2.758480951814945;95.94813537597656;0.0
1734967971194;364.9537048339844;298.2594909667969;0.3075631479710254;1.6402089574464789;-0.6680486331240977;0.0341310725304504;0.1913641032887053;-1.572330307582549;2.758480951814945;95.94813537597656;0.0
1734967971195;364.9537048339844;298.2594909667969;0.3075631479710254;1.6402089574464789;-0.6680486331240977;0.0341310725304504;0.1913641032887053;-1.572330307582549;2.758480951814945;95.94813537597656;0.0
1734967971196;364.9537048339844;298.2594909667969;0.3075631479710254;1.6402089574464789;-0.6680486331240977;0.0341310725304504;0.1913641032887053;-1.572330307582549;2.758480951814945;95.94813537597656;0.0
1734967971198;364.9537048339844;298.2594909667969;0.3071796527740541;1.6402089574464789;-0.6688156235180404;0.0345145677274218;0.1913641032887053;-1.572330307582549;2.758480951814945;95.94813537597656;0.0
1734967971199;364.9537048339844;298.2594909667969;0.3071796527740541;1.6402089574464789;-0.6688156235180404;0.0345145677274218;0.1913641032887053;-1.572330307582549;2.758480951814945;95.94813537597656;0.0
1734967971200;364.9537048339844;298.2594909667969;0.3071796527740541;1.6402089574464789;-0.6688156235180404;0.0345145677274218;0.1913641032887053;-1.572330307582549;2.758480951814945;95.94813537597656;0.0
1734967971202;364.9537048339844;298.2594909667969;0.3071796527740541;1.6402089574464789;-0.6688156235180404;0.0345145677274218;0.1913641032887053;-1.572330307582549;2.758480951814945;95.94813537597656;0.0
1734967971203;364.9537048339844;298.2594909667969;0.3071796527740541;1.6402089574464789;-0.6688156235180404;0.0345145677274218;0.1913641032887053;-1.572330307582549;2.758480951814945;95.94813537597656;0.0
1734967971204;364.9537048339844;298.2594909667969;0.3071796527740541;1.6402089574464789;-0.6688156235180404;0.0345145677274218;0.1913641032887053;-1.572330307582549;2.758480951814945;95.94813537597656;0.0
1734967971205;364.9537048339844;298.2594909667969;0.3071796527740541;1.6402089574464789;-0.6688156235180404;0.0345145677274218;0.1913641032887053;-1.572330307582549;2.758480951814945;95.94813537597656;0.0
1734967971207;364.9537048339844;298.2594909667969;0.3071796527740541;1.6402089574464789;-0.6688156235180404;0.0345145677274218;0.1913641032887053;-1.572330307582549;2.758480951814945;95.94813537597656;0.0
1734967971208;364.9537048339844;298.2594909667969;0.3075631479710254;1.6398254622495072;-0.6676651379271263;0.0341310725304504;0.1917475984856767;-1.573097297976492;2.758864447011917;95.94813537597656;0.0
1734967971209;364.9537048339844;298.2594909667969;0.3075631479710254;1.6398254622495072;-0.6676651379271263;0.0341310725304504;0.1917475984856767;-1.573097297976492;2.758864447011917;95.94813537597656;0.0
1734967971210;364.9537048339844;298.2594909667969;0.3075631479710254;1.6398254622495072;-0.6676651379271263;0.0341310725304504;0.1917475984856767;-1.573097297976492;2.758864447011917;95.94813537597656;0.0
1734967971211;364.9537048339844;298.2594909667969;0.3075631479710254;1.6398254622495072;-0.6676651379271263;0.0341310725304504;0.1917475984856767;-1.573097297976492;2.758864447011917;95.94813537597656;0.0
1734967971213;364.9537048339844;298.2594909667969;0.3075631479710254;1.6398254622495072;-0.6676651379271263;0.0341310725304504;0.1917475984856767;-1.573097297976492;2.758864447011917;95.94813537597656;0.0
1734967971214;364.9537048339844;298.2594909667969;0.3075631479710254;1.6398254622495072;-0.6676651379271263;0.0341310725304504;0.1917475984856767;-1.573097297976492;2.758864447011917;95.94813537597656;0.0
1734967971215;364.9537048339844;298.2594909667969;0.3075631479710254;1.6398254622495072;-0.6676651379271263;0.0341310725304504;0.1917475984856767;-1.573097297976492;2.758864447011917;95.94813537597656;0.0
1734967971216;364.9537048339844;298.2594909667969;0.3075631479710254;1.6398254622495072;-0.6676651379271263;0.0341310725304504;0.1917475984856767;-1.573097297976492;2.758864447011917;95.94813537597656;0.0
1734967971218;364.9537048339844;298.2594909667969;0.3075631479710254;1.6398254622495072;-0.6676651379271263;0.0341310725304504;0.1917475984856767;-1.573097297976492;2.758864447011917;95.94813537597656;0.0
1734967971219;364.9537048339844;298.2594909667969;0.3075631479710254;1.6398254622495072;-0.6676651379271263;0.0341310725304504;0.1917475984856767;-1.573097297976492;2.758864447011917;95.94813537597656;0.0
1734967971220;364.9537048339844;298.2594909667969;0.3075631479710254;1.6398254622495072;-0.6676651379271263;0.0341310725304504;0.1917475984856767;-1.573097297976492;2.758864447011917;95.94813537597656;0.0
1734967971221;364.9537048339844;298.2594909667969;0.3075631479710254;1.6398254622495072;-0.6676651379271263;0.0341310725304504;0.1917475984856767;-1.573097297976492;2.758864447011917;95.94813537597656;0.0
1734967971223;364.9537048339844;298.2594909667969;0.3075631479710254;1.6398254622495072;-0.6676651379271263;0.0341310725304504;0.1917475984856767;-1.573097297976492;2.758864447011917;95.94813537597656;0.0
1734967971224;364.9537048339844;298.2594909667969;0.3075631479710254;1.6398254622495072;-0.6676651379271263;0.0341310725304504;0.1917475984856767;-1.573097297976492;2.758864447011917;95.94813537597656;0.0
1734967971225;364.9537048339844;298.2594909667969;0.3075631479710254;1.6398254622495072;-0.6676651379271263;0.0341310725304504;0.1917475984856767;-1.573097297976492;2.758864447011917;95.94813537597656;0.0
1734967971226;364.9537048339844;298.2594909667969;0.3075631479710254;1.6398254622495072;-0.6676651379271263;0.0341310725304504;0.1917475984856767;-1.573097297976492;2.758864447011917;95.94813537597656;0.0
1734967971228;364.9537048339844;298.2594909667969;0.3075631479710254;1.6398254622495072;-0.6676651379271263;0.0341310725304504;0.1917475984856767;-1.573097297976492;2.758864447011917;95.94813537597656;0.0
1734967971229;364.9537048339844;298.2594909667969;0.3075631479710254;1.6398254622495072;-0.6676651379271263;0.0341310725304504;0.1917475984856767;-1.573097297976492;2.758864447011917;95.94813537597656;0.0
1734967971230;364.9537048339844;298.2594909667969;0.3075631479710254;1.6398254622495072;-0.6676651379271263;0.0341310725304504;0.1917475984856767;-1.573097297976492;2.758864447011917;95.94813537597656;0.0
1734967971232;364.9537048339844;298.2594909667969;0.3075631479710254;1.6398254622495072;-0.6676651379271263;0.0341310725304504;0.1917475984856767;-1.573097297976492;2.758864447011917;95.94813537597656;0.0
1734967971233;364.9537048339844;298.2594909667969;0.3075631479710254;1.6398254622495072;-0.6676651379271263;0.0341310725304504;0.1917475984856767;-1.573097297976492;2.758864447011917;95.94813537597656;0.0
1734967971234;364.9537048339844;298.2594909667969;0.3075631479710254;1.6398254622495072;-0.6676651379271263;0.0341310725304504;0.1917475984856767;-1.573097297976492;2.758864447011917;95.94813537597656;0.0
1734967971236;364.9537048339844;298.2594909667969;0.3075631479710254;1.6398254622495072;-0.6676651379271263;0.0341310725304504;0.1917475984856767;-1.573097297976492;2.758864447011917;95.94813537597656;0.0
1734967971237;364.9537048339844;298.2594909667969;0.3075631479710254;1.6398254622495072;-0.6676651379271263;0.0341310725304504;0.1917475984856767;-1.573097297976492;2.758864447011917;95.94813537597656;0.0
1734967971238;364.9537048339844;298.2594909667969;0.3071796527740541;1.6402089574464789;-0.6680486331240977;0.0348980629243931;0.1925145888796194;-1.5727138027795204;2.758480951814945;95.94813537597656;0.0
1734967971240;364.9537048339844;298.2594909667969;0.3071796527740541;1.6402089574464789;-0.6680486331240977;0.0348980629243931;0.1925145888796194;-1.5727138027795204;2.758480951814945;95.94813537597656;0.0
1734967971241;364.9537048339844;298.2594909667969;0.3071796527740541;1.6402089574464789;-0.6680486331240977;0.0348980629243931;0.1925145888796194;-1.5727138027795204;2.758480951814945;95.94813537597656;0.0
1734967971242;364.9537048339844;298.2594909667969;0.3071796527740541;1.6402089574464789;-0.6680486331240977;0.0348980629243931;0.1925145888796194;-1.5727138027795204;2.758480951814945;95.94813537597656;0.0
1734967971243;364.9537048339844;298.2594909667969;0.3071796527740541;1.6402089574464789;-0.6680486331240977;0.0348980629243931;0.1925145888796194;-1.5727138027795204;2.758480951814945;95.94813537597656;0.0
1734967971245;364.9537048339844;298.2594909667969;0.3071796527740541;1.6402089574464789;-0.6680486331240977;0.0348980629243931;0.1925145888796194;-1.5727138027795204;2.758480951814945;95.94813537597656;0.0
1734967971246;364.9537048339844;298.2594909667969;0.3071796527740541;1.6402089574464789;-0.6680486331240977;0.0348980629243931;0.1925145888796194;-1.5727138027795204;2.758480951814945;95.94813537597656;0.0
1734967971247;364.9537048339844;298.2594909667969;0.3071796527740541;1.6402089574464789;-0.6680486331240977;0.0348980629243931;0.1925145888796194;-1.5727138027795204;2.758480951814945;95.94813537597656;0.0
1734967971249;364.9537048339844;298.2594909667969;0.3075631479710254;1.6402089574464789;-0.6676651379271263;0.0345145677274218;0.1928980840765908;-1.572330307582549;2.758480951814945;95.94813537597656;0.0
1734967971250;364.9537048339844;298.2594909667969;0.3075631479710254;1.6402089574464789;-0.6676651379271263;0.0345145677274218;0.1928980840765908;-1.572330307582549;2.758480951814945;95.94813537597656;0.0
1734967971251;364.9537048339844;298.2594909667969;0.3075631479710254;1.6402089574464789;-0.6676651379271263;0.0345145677274218;0.1928980840765908;-1.572330307582549;2.758480951814945;95.94813537597656;0.0
1734967971253;364.9537048339844;298.2594909667969;0.3075631479710254;1.6402089574464789;-0.6676651379271263;0.0345145677274218;0.1928980840765908;-1.572330307582549;2.758480951814945;95.94813537597656;0.0
1734967971254;364.9537048339844;298.2594909667969;0.3075631479710254;1.6402089574464789;-0.6676651379271263;0.0345145677274218;0.1928980840765908;-1.572330307582549;2.758480951814945;95.94813537597656;0.0
1734967971255;364.9537048339844;298.2594909667969;0.3075631479710254;1.6402089574464789;-0.6676651379271263;0.0345145677274218;0.1928980840765908;-1.572330307582549;2.758480951814945;95.94813537597656;0.0
1734967971257;364.9537048339844;298.2594909667969;0.3075631479710254;1.6402089574464789;-0.6676651379271263;0.0345145677274218;0.1928980840765908;-1.572330307582549;2.758480951814945;95.94813537597656;0.0
1734967971258;364.9537048339844;298.2594909667969;0.3071796527740541;1.6402089574464789;-0.6676651379271263;0.0352815581213645;0.1925145888796194;-1.572330307582549;2.758480951814945;95.94813537597656;0.0
1734967971259;364.9537048339844;298.2594909667969;0.3071796527740541;1.6402089574464789;-0.6676651379271263;0.0352815581213645;0.1925145888796194;-1.572330307582549;2.758480951814945;95.94813537597656;0.0
1734967971260;364.9537048339844;298.2594909667969;0.3071796527740541;1.6402089574464789;-0.6676651379271263;0.0352815581213645;0.1925145888796194;-1.572330307582549;2.758480951814945;95.94813537597656;0.0
1734967971262;364.9537048339844;298.2594909667969;0.3071796527740541;1.6402089574464789;-0.6676651379271263;0.0352815581213645;0.1925145888796194;-1.572330307582549;2.758480951814945;95.94813537597656;0.0
1734967971263;364.9537048339844;298.2594909667969;0.3071796527740541;1.6402089574464789;-0.6676651379271263;0.0352815581213645;0.1925145888796194;-1.572330307582549;2.758480951814945;95.94813537597656;0.0
1734967971264;364.9537048339844;298.2594909667969;0.3071796527740541;1.6402089574464789;-0.6676651379271263;0.0352815581213645;0.1925145888796194;-1.572330307582549;2.758480951814945;95.94813537597656;0.0
1734967971265;364.9537048339844;298.2594909667969;0.3071796527740541;1.6402089574464789;-0.6676651379271263;0.0352815581213645;0.1925145888796194;-1.572330307582549;2.758480951814945;95.94813537597656;0.0
1734967971267;364.9537048339844;298.2594909667969;0.3071796527740541;1.6402089574464789;-0.6676651379271263;0.0352815581213645;0.1925145888796194;-1.572330307582549;2.758480951814945;95.94813537597656;0.0
1734967971268;364.9537048339844;298.2594909667969;0.3071796527740541;1.6402089574464789;-0.6676651379271263;0.0352815581213645;0.1925145888796194;-1.572330307582549;2.758480951814945;95.94813537597656;0.0
1734967971269;364.9537048339844;298.2594909667969;0.3071796527740541;1.6402089574464789;-0.6676651379271263;0.0352815581213645;0.1925145888796194;-1.572330307582549;2.758480951814945;95.94813537597656;0.0
1734967971271;364.9537048339844;298.2594909667969;0.3071796527740541;1.6402089574464789;-0.6676651379271263;0.0352815581213645;0.1925145888796194;-1.572330307582549;2.758480951814945;95.94813537597656;0.0
1734967971272;364.9537048339844;298.2594909667969;0.3071796527740541;1.6402089574464789;-0.6676651379271263;0.0352815581213645;0.1925145888796194;-1.572330307582549;2.758480951814945;95.94813537597656;0.0
1734967971273;364.9537048339844;298.2594909667969;0.3071796527740541;1.6402089574464789;-0.6676651379271263;0.0352815581213645;0.1925145888796194;-1.572330307582549;2.758480951814945;95.94813537597656;0.0
1734967971274;364.9537048339844;298.2594909667969;0.3071796527740541;1.6402089574464789;-0.6676651379271263;0.0352815581213645;0.1925145888796194;-1.572330307582549;2.758480951814945;95.94813537597656;0.0
1734967971275;364.9537048339844;298.2594909667969;0.3071796527740541;1.6402089574464789;-0.6676651379271263;0.0352815581213645;0.1925145888796194;-1.572330307582549;2.758480951814945;95.94813537597656;0.0
1734967971277;364.9537048339844;298.2594909667969;0.3071796527740541;1.6402089574464789;-0.6676651379271263;0.0352815581213645;0.1925145888796194;-1.572330307582549;2.758480951814945;95.94813537597656;0.0
1734967971278;364.9537048339844;298.2594909667969;0.3071796527740541;1.6402089574464789;-0.6676651379271263;0.0352815581213645;0.1925145888796194;-1.572330307582549;2.758480951814945;95.94813537597656;0.0
1734967971279;364.9537048339844;298.2594909667969;0.3071796527740541;1.6402089574464789;-0.6676651379271263;0.0352815581213645;0.1925145888796194;-1.572330307582549;2.758480951814945;95.94813537597656;0.0
1734967971280;364.9537048339844;298.2594909667969;0.3071796527740541;1.6402089574464789;-0.6676651379271263;0.0352815581213645;0.1925145888796194;-1.572330307582549;2.758480951814945;95.94813537597656;0.0
1734967971281;364.9537048339844;298.2594909667969;0.3071796527740541;1.6402089574464789;-0.6676651379271263;0.0352815581213645;0.1925145888796194;-1.572330307582549;2.758480951814945;95.94813537597656;0.0
1734967971283;364.9537048339844;298.2594909667969;0.3071796527740541;1.6402089574464789;-0.6676651379271263;0.0352815581213645;0.1925145888796194;-1.572330307582549;2.758480951814945;95.94813537597656;0.0
1734967971284;364.9537048339844;298.2594909667969;0.3071796527740541;1.6402089574464789;-0.6676651379271263;0.0352815581213645;0.1925145888796194;-1.572330307582549;2.758480951814945;95.94813537597656;0.0
1734967971285;364.9537048339844;298.2594909667969;0.3071796527740541;1.6402089574464789;-0.6676651379271263;0.0352815581213645;0.1925145888796194;-1.572330307582549;2.758480951814945;95.94813537597656;0.0
1734967971287;364.9537048339844;298.2594909667969;0.3071796527740541;1.6402089574464789;-0.6676651379271263;0.0352815581213645;0.1925145888796194;-1.572330307582549;2.758480951814945;95.94813537597656;0.0
1734967971288;364.9537048339844;298.2594909667969;0.3071796527740541;1.639441967052536;-0.6680486331240977;0.0337475773334791;0.1925145888796194;-1.5738642883704346;2.758480951814945;95.94813537597656;0.0
1734967971289;364.9537048339844;298.2594909667969;0.3071796527740541;1.639441967052536;-0.6680486331240977;0.0337475773334791;0.1925145888796194;-1.5738642883704346;2.758480951814945;95.94813537597656;0.0
1734967971290;364.9537048339844;298.2594909667969;0.3071796527740541;1.639441967052536;-0.6680486331240977;0.0337475773334791;0.1925145888796194;-1.5738642883704346;2.758480951814945;95.94813537597656;0.0
1734967971292;364.9537048339844;298.2594909667969;0.3071796527740541;1.639441967052536;-0.6680486331240977;0.0337475773334791;0.1925145888796194;-1.5738642883704346;2.758480951814945;95.94813537597656;0.0
1734967971293;364.9537048339844;298.2594909667969;0.3071796527740541;1.639441967052536;-0.6680486331240977;0.0337475773334791;0.1925145888796194;-1.5738642883704346;2.758480951814945;95.94813537597656;0.0
1734967971294;364.9537048339844;298.2594909667969;0.3071796527740541;1.639441967052536;-0.6680486331240977;0.0337475773334791;0.1925145888796194;-1.5738642883704346;2.758480951814945;95.94813537597656;0.0
1734967971295;364.9537048339844;298.2594909667969;0.3071796527740541;1.639441967052536;-0.6680486331240977;0.0337475773334791;0.1925145888796194;-1.5738642883704346;2.758480951814945;95.94813537597656;0.0
1734967971297;364.9537048339844;298.2594909667969;0.3071796527740541;1.639441967052536;-0.6680486331240977;0.0337475773334791;0.1925145888796194;-1.5738642883704346;2.758480951814945;95.94813537597656;0.0
1734967971298;364.9537048339844;298.2594909667969;0.3071796527740541;1.6398254622495072;-0.6680486331240977;0.0348980629243931;0.1932815792735621;-1.5738642883704346;2.758097456617974;95.94813537597656;0.0
1734967971299;364.9537048339844;298.2594909667969;0.3071796527740541;1.6398254622495072;-0.6680486331240977;0.0348980629243931;0.1932815792735621;-1.5738642883704346;2.758097456617974;95.94813537597656;0.0
1734967971300;364.9537048339844;298.2594909667969;0.3071796527740541;1.6398254622495072;-0.6680486331240977;0.0348980629243931;0.1932815792735621;-1.5738642883704346;2.758097456617974;95.94813537597656;0.0
1734967971302;364.9537048339844;298.2594909667969;0.3071796527740541;1.6398254622495072;-0.6680486331240977;0.0348980629243931;0.1932815792735621;-1.5738642883704346;2.758097456617974;95.94813537597656;0.0
1734967971303;364.9537048339844;298.2594909667969;0.3071796527740541;1.6398254622495072;-0.6680486331240977;0.0348980629243931;0.1932815792735621;-1.5738642883704346;2.758097456617974;95.94813537597656;0.0
1734967971304;364.9537048339844;298.2594909667969;0.3071796527740541;1.6398254622495072;-0.6680486331240977;0.0348980629243931;0.1932815792735621;-1.5738642883704346;2.758097456617974;95.94813537597656;0.0
1734967971305;364.9537048339844;298.2594909667969;0.3071796527740541;1.6398254622495072;-0.6680486331240977;0.0348980629243931;0.1932815792735621;-1.5738642883704346;2.758097456617974;95.94813537597656;0.0
1734967971307;364.9537048339844;298.2594909667969;0.3071796527740541;1.6398254622495072;-0.6680486331240977;0.0348980629243931;0.1932815792735621;-1.5738642883704346;2.758097456617974;95.94813537597656;0.0
1734967971308;364.9537048339844;298.2594909667969;0.3075631479710254;1.639441967052536;-0.6680486331240977;0.0345145677274218;0.1917475984856767;-1.5727138027795204;2.758864447011917;95.94813537597656;0.0
1734967971309;364.9537048339844;298.2594909667969;0.3075631479710254;1.639441967052536;-0.6680486331240977;0.0345145677274218;0.1917475984856767;-1.5727138027795204;2.758864447011917;95.94813537597656;0.0
1734967971310;364.9537048339844;298.2594909667969;0.3075631479710254;1.639441967052536;-0.6680486331240977;0.0345145677274218;0.1917475984856767;-1.5727138027795204;2.758864447011917;95.94813537597656;0.0
1734967971311;364.9537048339844;298.2594909667969;0.3075631479710254;1.639441967052536;-0.6680486331240977;0.0345145677274218;0.1917475984856767;-1.5727138027795204;2.758864447011917;95.94813537597656;0.0
1734967971313;364.9537048339844;298.2594909667969;0.3075631479710254;1.639441967052536;-0.6680486331240977;0.0345145677274218;0.1917475984856767;-1.5727138027795204;2.758864447011917;95.94813537597656;0.0
1734967971314;364.9537048339844;298.2594909667969;0.3075631479710254;1.639441967052536;-0.6680486331240977;0.0345145677274218;0.1917475984856767;-1.5727138027795204;2.758864447011917;95.94813537597656;0.0
1734967971315;364.9537048339844;298.2594909667969;0.3075631479710254;1.639441967052536;-0.6680486331240977;0.0345145677274218;0.1917475984856767;-1.5727138027795204;2.758864447011917;95.94813537597656;0.0
1734967971316;364.9537048339844;298.2594909667969;0.3075631479710254;1.639441967052536;-0.6680486331240977;0.0345145677274218;0.1917475984856767;-1.5727138027795204;2.758864447011917;95.94813537597656;0.0
1734967971318;364.9537048339844;298.2594909667969;0.3075631479710254;1.639441967052536;-0.6680486331240977;0.0345145677274218;0.1917475984856767;-1.5727138027795204;2.758864447011917;95.94813537597656;0.0
1734967971319;364.9537048339844;298.2594909667969;0.3075631479710254;1.639441967052536;-0.6680486331240977;0.0345145677274218;0.1917475984856767;-1.5727138027795204;2.758864447011917;95.94813537597656;0.0
1734967971320;364.9537048339844;298.2594909667969;0.3075631479710254;1.639441967052536;-0.6680486331240977;0.0345145677274218;0.1917475984856767;-1.5727138027795204;2.758864447011917;95.94813537597656;0.0
1734967971321;364.9537048339844;298.2594909667969;0.3075631479710254;1.639441967052536;-0.6680486331240977;0.0345145677274218;0.1917475984856767;-1.5727138027795204;2.758864447011917;95.94813537597656;0.0
1734967971323;364.9537048339844;298.2594909667969;0.3075631479710254;1.639441967052536;-0.6680486331240977;0.0345145677274218;0.1917475984856767;-1.5727138027795204;2.758864447011917;95.94813537597656;0.0
1734967971324;364.9537048339844;298.2594909667969;0.3075631479710254;1.639441967052536;-0.6680486331240977;0.0345145677274218;0.1917475984856767;-1.5727138027795204;2.758864447011917;95.94813537597656;0.0
1734967971325;364.9537048339844;298.2594909667969;0.3075631479710254;1.639441967052536;-0.6680486331240977;0.0345145677274218;0.1917475984856767;-1.5727138027795204;2.758864447011917;95.94813537597656;0.0
1734967971326;364.9537048339844;298.2594909667969;0.3075631479710254;1.639441967052536;-0.6680486331240977;0.0345145677274218;0.1917475984856767;-1.5727138027795204;2.758864447011917;95.94813537597656;0.0
1734967971328;364.9537048339844;298.2594909667969;0.3075631479710254;1.639441967052536;-0.6680486331240977;0.0345145677274218;0.1917475984856767;-1.5727138027795204;2.758864447011917;95.94813537597656;0.0
1734967971329;364.9537048339844;298.2594909667969;0.3075631479710254;1.639441967052536;-0.6680486331240977;0.0345145677274218;0.1917475984856767;-1.5727138027795204;2.758864447011917;95.94813537597656;0.0
1734967971330;364.9537048339844;298.2594909667969;0.3075631479710254;1.639441967052536;-0.6680486331240977;0.0345145677274218;0.1917475984856767;-1.5727138027795204;2.758864447011917;95.94813537597656;0.0
1734967971332;364.9537048339844;298.2594909667969;0.3075631479710254;1.639441967052536;-0.6680486331240977;0.0345145677274218;0.1917475984856767;-1.5727138027795204;2.758864447011917;95.94813537597656;0.0
1734967971333;364.9537048339844;298.2594909667969;0.3075631479710254;1.639441967052536;-0.6680486331240977;0.0345145677274218;0.1917475984856767;-1.5727138027795204;2.758864447011917;95.94813537597656;0.0
1734967971334;364.9537048339844;298.2594909667969;0.3075631479710254;1.639441967052536;-0.6680486331240977;0.0345145677274218;0.1917475984856767;-1.5727138027795204;2.758864447011917;95.94813537597656;0.0
1734967971335;364.9537048339844;298.2594909667969;0.3075631479710254;1.639441967052536;-0.6680486331240977;0.0345145677274218;0.1917475984856767;-1.5727138027795204;2.758864447011917;95.94813537597656;0.0
1734967971337;364.9537048339844;298.2594909667969;0.3075631479710254;1.639441967052536;-0.6680486331240977;0.0345145677274218;0.1917475984856767;-1.5727138027795204;2.758864447011917;95.94813537597656;0.0
1734967971338;364.9537048339844;298.2594909667969;0.3075631479710254;1.6382914814616218;-0.6688156235180404;0.0352815581213645;0.192131093682648;-1.5727138027795204;2.758864447011917;95.94813537597656;0.0
1734967971339;364.9537048339844;298.2594909667969;0.3075631479710254;1.6382914814616218;-0.6688156235180404;0.0352815581213645;0.192131093682648;-1.5727138027795204;2.758864447011917;95.94813537597656;0.0
1734967971340;364.9537048339844;298.2594909667969;0.3075631479710254;1.6382914814616218;-0.6688156235180404;0.0352815581213645;0.192131093682648;-1.5727138027795204;2.758864447011917;95.94813537597656;0.0
1734967971341;364.9537048339844;298.2594909667969;0.3075631479710254;1.6382914814616218;-0.6688156235180404;0.0352815581213645;0.192131093682648;-1.5727138027795204;2.758864447011917;95.94813537597656;0.0
1734967971343;364.9537048339844;298.2594909667969;0.3075631479710254;1.6382914814616218;-0.6688156235180404;0.0352815581213645;0.192131093682648;-1.5727138027795204;2.758864447011917;95.94813537597656;0.0
1734967971344;364.9537048339844;298.2594909667969;0.3075631479710254;1.6382914814616218;-0.6688156235180404;0.0352815581213645;0.192131093682648;-1.5727138027795204;2.758864447011917;95.94813537597656;0.0
1734967971345;364.9537048339844;298.2594909667969;0.3075631479710254;1.6382914814616218;-0.6688156235180404;0.0352815581213645;0.192131093682648;-1.5727138027795204;2.758864447011917;95.94813537597656;0.0
1734967971346;364.9537048339844;298.2594909667969;0.3075631479710254;1.6382914814616218;-0.6688156235180404;0.0352815581213645;0.192131093682648;-1.5727138027795204;2.758864447011917;95.94813537597656;0.0
1734967971348;364.9537048339844;298.2594909667969;0.3071796527740541;1.6390584718555643;-0.668432128321069;0.0341310725304504;0.192131093682648;-1.572330307582549;2.7577139614210027;95.94813537597656;0.0
1734967971349;364.9537048339844;298.2594909667969;0.3071796527740541;1.6390584718555643;-0.668432128321069;0.0341310725304504;0.192131093682648;-1.572330307582549;2.7577139614210027;95.94813537597656;0.0
1734967971350;364.9537048339844;298.2594909667969;0.3071796527740541;1.6390584718555643;-0.668432128321069;0.0341310725304504;0.192131093682648;-1.572330307582549;2.7577139614210027;95.94813537597656;0.0
1734967971351;364.9537048339844;298.2594909667969;0.3071796527740541;1.6390584718555643;-0.668432128321069;0.0341310725304504;0.192131093682648;-1.572330307582549;2.7577139614210027;95.94813537597656;0.0
1734967971352;364.9537048339844;298.2594909667969;0.3071796527740541;1.6390584718555643;-0.668432128321069;0.0341310725304504;0.192131093682648;-1.572330307582549;2.7577139614210027;95.94813537597656;0.0
1734967971353;364.9537048339844;298.2594909667969;0.3071796527740541;1.6390584718555643;-0.668432128321069;0.0341310725304504;0.192131093682648;-1.572330307582549;2.7577139614210027;95.94813537597656;0.0
1734967971355;364.9537048339844;298.2594909667969;0.3071796527740541;1.6390584718555643;-0.668432128321069;0.0341310725304504;0.192131093682648;-1.572330307582549;2.7577139614210027;95.94813537597656;0.0
1734967971356;364.9537048339844;298.2594909667969;0.3071796527740541;1.6390584718555643;-0.668432128321069;0.0341310725304504;0.192131093682648;-1.572330307582549;2.7577139614210027;95.94813537597656;0.0
1734967971358;364.9537048339844;298.2594909667969;0.3071796527740541;1.639441967052536;-0.6676651379271263;0.0345145677274218;0.192131093682648;-1.5734807931734631;2.758864447011917;95.94813537597656;0.0
1734967971359;364.9537048339844;298.2594909667969;0.3071796527740541;1.639441967052536;-0.6676651379271263;0.0345145677274218;0.192131093682648;-1.5734807931734631;2.758864447011917;95.94813537597656;0.0
1734967971360;364.9537048339844;298.2594909667969;0.3071796527740541;1.639441967052536;-0.6676651379271263;0.0345145677274218;0.192131093682648;-1.5734807931734631;2.758864447011917;95.94813537597656;0.0
1734967971361;364.9537048339844;298.2594909667969;0.3071796527740541;1.639441967052536;-0.6676651379271263;0.0345145677274218;0.192131093682648;-1.5734807931734631;2.758864447011917;95.94813537597656;0.0
1734967971363;364.9537048339844;298.2594909667969;0.3071796527740541;1.639441967052536;-0.6676651379271263;0.0345145677274218;0.192131093682648;-1.5734807931734631;2.758864447011917;95.94813537597656;0.0
1734967971364;364.9537048339844;298.2594909667969;0.3071796527740541;1.639441967052536;-0.6676651379271263;0.0345145677274218;0.192131093682648;-1.5734807931734631;2.758864447011917;95.94813537597656;0.0
1734967971365;364.9537048339844;298.2594909667969;0.3071796527740541;1.639441967052536;-0.6676651379271263;0.0345145677274218;0.192131093682648;-1.5734807931734631;2.758864447011917;95.94813537597656;0.0
1734967971366;364.9537048339844;298.2594909667969;0.3071796527740541;1.639441967052536;-0.6676651379271263;0.0345145677274218;0.192131093682648;-1.5734807931734631;2.758864447011917;95.94813537597656;0.0
1734967971368;364.9537048339844;298.2594909667969;0.3071796527740541;1.639441967052536;-0.6676651379271263;0.0345145677274218;0.192131093682648;-1.5734807931734631;2.758864447011917;95.94813537597656;0.0
1734967971369;364.9537048339844;298.2594909667969;0.3071796527740541;1.639441967052536;-0.6676651379271263;0.0345145677274218;0.192131093682648;-1.5734807931734631;2.758864447011917;95.94813537597656;0.0
1734967971370;364.9537048339844;298.2594909667969;0.3071796527740541;1.639441967052536;-0.6676651379271263;0.0345145677274218;0.192131093682648;-1.5734807931734631;2.758864447011917;95.94813537597656;0.0
1734967971371;364.9537048339844;298.2594909667969;0.3071796527740541;1.639441967052536;-0.6676651379271263;0.0345145677274218;0.192131093682648;-1.5734807931734631;2.758864447011917;95.94813537597656;0.0
1734967971373;364.9537048339844;298.2594909667969;0.3071796527740541;1.639441967052536;-0.6676651379271263;0.0345145677274218;0.192131093682648;-1.5734807931734631;2.758864447011917;95.94813537597656;0.0
1734967971374;364.9537048339844;298.2594909667969;0.3071796527740541;1.639441967052536;-0.6676651379271263;0.0345145677274218;0.192131093682648;-1.5734807931734631;2.758864447011917;95.94813537597656;0.0
1734967971375;364.9537048339844;298.2594909667969;0.3071796527740541;1.639441967052536;-0.6676651379271263;0.0345145677274218;0.192131093682648;-1.5734807931734631;2.758864447011917;95.94813537597656;0.0
1734967971376;364.9537048339844;298.2594909667969;0.3071796527740541;1.639441967052536;-0.6676651379271263;0.0345145677274218;0.192131093682648;-1.5734807931734631;2.758864447011917;95.94813537597656;0.0
1734967971378;364.9537048339844;298.2594909667969;0.3071796527740541;1.639441967052536;-0.6676651379271263;0.0345145677274218;0.192131093682648;-1.5734807931734631;2.758864447011917;95.94813537597656;0.0
1734967971379;364.9537048339844;298.2594909667969;0.3071796527740541;1.639441967052536;-0.6676651379271263;0.0345145677274218;0.192131093682648;-1.5734807931734631;2.758864447011917;95.94813537597656;0.0
1734967971380;364.9537048339844;298.2594909667969;0.3071796527740541;1.639441967052536;-0.6676651379271263;0.0345145677274218;0.192131093682648;-1.5734807931734631;2.758864447011917;95.94813537597656;0.0
1734967971381;364.9537048339844;298.2594909667969;0.3071796527740541;1.639441967052536;-0.6676651379271263;0.0345145677274218;0.192131093682648;-1.5734807931734631;2.758864447011917;95.94813537597656;0.0
1734967971382;364.9537048339844;298.2594909667969;0.3071796527740541;1.639441967052536;-0.6676651379271263;0.0345145677274218;0.192131093682648;-1.5734807931734631;2.758864447011917;95.94813537597656;0.0
1734967971384;364.9537048339844;298.2594909667969;0.3071796527740541;1.639441967052536;-0.6676651379271263;0.0345145677274218;0.192131093682648;-1.5734807931734631;2.758864447011917;95.94813537597656;0.0
1734967971385;364.9537048339844;298.2594909667969;0.3071796527740541;1.639441967052536;-0.6676651379271263;0.0345145677274218;0.192131093682648;-1.5734807931734631;2.758864447011917;95.94813537597656;0.0
1734967971386;364.9537048339844;298.2594909667969;0.3071796527740541;1.639441967052536;-0.6676651379271263;0.0345145677274218;0.192131093682648;-1.5734807931734631;2.758864447011917;95.94813537597656;0.0
1734967971388;364.9537048339844;298.2594909667969;0.3071796527740541;1.6390584718555643;-0.6676651379271263;0.0333640821365077;0.1913641032887053;-1.5719468123855778;2.759247942208888;95.94813537597656;0.0
1734967971389;364.9537048339844;298.2594909667969;0.3071796527740541;1.6390584718555643;-0.6676651379271263;0.0333640821365077;0.1913641032887053;-1.5719468123855778;2.759247942208888;95.94813537597656;0.0
1734967971391;364.9537048339844;298.2594909667969;0.3071796527740541;1.6390584718555643;-0.6676651379271263;0.0333640821365077;0.1913641032887053;-1.5719468123855778;2.759247942208888;95.94813537597656;0.0
1734967971392;364.9537048339844;298.2594909667969;0.3071796527740541;1.6390584718555643;-0.6676651379271263;0.0333640821365077;0.1913641032887053;-1.5719468123855778;2.759247942208888;95.94813537597656;0.0
1734967971393;364.9537048339844;298.2594909667969;0.3071796527740541;1.6390584718555643;-0.6676651379271263;0.0333640821365077;0.1913641032887053;-1.5719468123855778;2.759247942208888;95.94813537597656;0.0
1734967971394;364.9537048339844;298.2594909667969;0.3071796527740541;1.6390584718555643;-0.6676651379271263;0.0333640821365077;0.1913641032887053;-1.5719468123855778;2.759247942208888;95.94813537597656;0.0
1734967971396;364.9537048339844;298.2594909667969;0.3071796527740541;1.6390584718555643;-0.6676651379271263;0.0333640821365077;0.1913641032887053;-1.5719468123855778;2.759247942208888;95.94813537597656;0.0
1734967971397;364.9537048339844;298.2594909667969;0.3071796527740541;1.6390584718555643;-0.6676651379271263;0.0333640821365077;0.1913641032887053;-1.5719468123855778;2.759247942208888;95.94813537597656;0.0
1734967971398;364.9537048339844;298.2594909667969;0.3067961575770827;1.6379079862646506;-0.6680486331240977;0.0337475773334791;0.1917475984856767;-1.5727138027795204;2.7577139614210027;95.94813537597656;0.0
1734967971400;364.9537048339844;298.2594909667969;0.3067961575770827;1.6379079862646506;-0.6680486331240977;0.0337475773334791;0.1917475984856767;-1.5727138027795204;2.7577139614210027;95.94813537597656;0.0
1734967971401;364.9537048339844;298.2594909667969;0.3067961575770827;1.6379079862646506;-0.6680486331240977;0.0337475773334791;0.1917475984856767;-1.5727138027795204;2.7577139614210027;95.94813537597656;0.0
1734967971402;364.9537048339844;298.2594909667969;0.3067961575770827;1.6379079862646506;-0.6680486331240977;0.0337475773334791;0.1917475984856767;-1.5727138027795204;2.7577139614210027;95.94813537597656;0.0
1734967971404;364.9537048339844;298.2594909667969;0.3067961575770827;1.6379079862646506;-0.6680486331240977;0.0337475773334791;0.1917475984856767;-1.5727138027795204;2.7577139614210027;95.94813537597656;0.0
1734967971405;364.9537048339844;298.2594909667969;0.3067961575770827;1.6379079862646506;-0.6680486331240977;0.0337475773334791;0.1917475984856767;-1.5727138027795204;2.7577139614210027;95.94813537597656;0.0
1734967971406;364.9537048339844;298.2594909667969;0.3067961575770827;1.6379079862646506;-0.6680486331240977;0.0337475773334791;0.1917475984856767;-1.5727138027795204;2.7577139614210027;95.94813537597656;0.0
1734967971408;364.9537048339844;298.2594909667969;0.3075631479710254;1.6386749766585933;-0.6668981475331837;0.0345145677274218;0.190980608091734;-1.572330307582549;2.758864447011917;95.94813537597656;0.0
1734967971409;364.9537048339844;298.2594909667969;0.3075631479710254;1.6386749766585933;-0.6668981475331837;0.0345145677274218;0.190980608091734;-1.572330307582549;2.758864447011917;95.94813537597656;0.0
1734967971410;364.9537048339844;298.2594909667969;0.3075631479710254;1.6386749766585933;-0.6668981475331837;0.0345145677274218;0.190980608091734;-1.572330307582549;2.758864447011917;95.94813537597656;0.0
1734967971411;364.9537048339844;298.2594909667969;0.3075631479710254;1.6386749766585933;-0.6668981475331837;0.0345145677274218;0.190980608091734;-1.572330307582549;2.758864447011917;95.94813537597656;0.0
1734967971413;364.9537048339844;298.2594909667969;0.3075631479710254;1.6386749766585933;-0.6668981475331837;0.0345145677274218;0.190980608091734;-1.572330307582549;2.758864447011917;95.94813537597656;0.0
1734967971414;364.9537048339844;298.2594909667969;0.3075631479710254;1.6386749766585933;-0.6668981475331837;0.0345145677274218;0.190980608091734;-1.572330307582549;2.758864447011917;95.94813537597656;0.0
1734967971415;364.9537048339844;298.2594909667969;0.3075631479710254;1.6386749766585933;-0.6668981475331837;0.0345145677274218;0.190980608091734;-1.572330307582549;2.758864447011917;95.94813537597656;0.0
1734967971416;364.9537048339844;298.2594909667969;0.3075631479710254;1.6386749766585933;-0.6668981475331837;0.0345145677274218;0.190980608091734;-1.572330307582549;2.758864447011917;95.94813537597656;0.0
1734967971418;364.9537048339844;298.2594909667969;0.3075631479710254;1.6386749766585933;-0.6668981475331837;0.0345145677274218;0.190980608091734;-1.572330307582549;2.758864447011917;95.94813537597656;0.0
1734967971419;364.9537048339844;298.2594909667969;0.3075631479710254;1.6386749766585933;-0.6668981475331837;0.0345145677274218;0.190980608091734;-1.572330307582549;2.758864447011917;95.94813537597656;0.0
1734967971421;364.9537048339844;298.2594909667969;0.3075631479710254;1.6386749766585933;-0.6668981475331837;0.0345145677274218;0.190980608091734;-1.572330307582549;2.758864447011917;95.94813537597656;0.0
1734967971422;364.9537048339844;298.2594909667969;0.3075631479710254;1.6386749766585933;-0.6668981475331837;0.0345145677274218;0.190980608091734;-1.572330307582549;2.758864447011917;95.94813537597656;0.0
1734967971423;364.9537048339844;298.2594909667969;0.3075631479710254;1.6386749766585933;-0.6668981475331837;0.0345145677274218;0.190980608091734;-1.572330307582549;2.758864447011917;95.94813537597656;0.0
1734967971424;364.9537048339844;298.2594909667969;0.3075631479710254;1.6386749766585933;-0.6668981475331837;0.0345145677274218;0.190980608091734;-1.572330307582549;2.758864447011917;95.94813537597656;0.0
1734967971426;364.9537048339844;298.2594909667969;0.3075631479710254;1.6386749766585933;-0.6668981475331837;0.0345145677274218;0.190980608091734;-1.572330307582549;2.758864447011917;95.94813537597656;0.0
1734967971427;364.9537048339844;298.2594909667969;0.3075631479710254;1.6386749766585933;-0.6668981475331837;0.0345145677274218;0.190980608091734;-1.572330307582549;2.758864447011917;95.94813537597656;0.0
1734967971428;364.9537048339844;298.2594909667969;0.3075631479710254;1.6386749766585933;-0.6668981475331837;0.0345145677274218;0.190980608091734;-1.572330307582549;2.758864447011917;95.94813537597656;0.0
1734967971429;364.9537048339844;298.2594909667969;0.3075631479710254;1.6386749766585933;-0.6668981475331837;0.0345145677274218;0.190980608091734;-1.572330307582549;2.758864447011917;95.94813537597656;0.0
1734967971431;364.9537048339844;298.2594909667969;0.3075631479710254;1.6386749766585933;-0.6668981475331837;0.0345145677274218;0.190980608091734;-1.572330307582549;2.758864447011917;95.94813537597656;0.0
1734967971432;364.9537048339844;298.2594909667969;0.3075631479710254;1.6386749766585933;-0.6668981475331837;0.0345145677274218;0.190980608091734;-1.572330307582549;2.758864447011917;95.94813537597656;0.0
1734967971433;364.9537048339844;298.2594909667969;0.3075631479710254;1.6386749766585933;-0.6668981475331837;0.0345145677274218;0.190980608091734;-1.572330307582549;2.758864447011917;95.94813537597656;0.0
1734967971435;364.9537048339844;298.2594909667969;0.3075631479710254;1.6386749766585933;-0.6668981475331837;0.0345145677274218;0.190980608091734;-1.572330307582549;2.758864447011917;95.94813537597656;0.0
1734967971436;364.9537048339844;298.2594909667969;0.3075631479710254;1.6386749766585933;-0.6668981475331837;0.0345145677274218;0.190980608091734;-1.572330307582549;2.758864447011917;95.94813537597656;0.0
1734967971438;364.9537048339844;298.2594909667969;0.3067961575770827;1.6382914814616218;-0.6676651379271263;0.0329805869395363;0.1898301225008199;-1.572330307582549;2.759247942208888;95.94813537597656;0.0
1734967971439;364.9537048339844;298.2594909667969;0.3067961575770827;1.6382914814616218;-0.6680486331240977;0.0333640821365077;0.1898301225008199;-1.5719468123855778;2.758864447011917;95.94813537597656;0.0
1734967971440;364.9537048339844;298.2594909667969;0.3067961575770827;1.6382914814616218;-0.6680486331240977;0.0333640821365077;0.1898301225008199;-1.5719468123855778;2.758864447011917;95.94813537597656;0.0
1734967971441;364.9537048339844;298.2594909667969;0.3067961575770827;1.6382914814616218;-0.6680486331240977;0.0333640821365077;0.1898301225008199;-1.5719468123855778;2.758864447011917;95.94813537597656;0.0
1734967971443;364.9537048339844;298.2594909667969;0.3067961575770827;1.6382914814616218;-0.6680486331240977;0.0333640821365077;0.1898301225008199;-1.5719468123855778;2.758864447011917;95.94813537597656;0.0
1734967971444;364.9537048339844;298.2594909667969;0.3067961575770827;1.6382914814616218;-0.6680486331240977;0.0333640821365077;0.1898301225008199;-1.5719468123855778;2.758864447011917;95.94813537597656;0.0
1734967971445;364.9537048339844;298.2594909667969;0.3067961575770827;1.6382914814616218;-0.6680486331240977;0.0333640821365077;0.1898301225008199;-1.5719468123855778;2.758864447011917;95.94813537597656;0.0
1734967971447;364.9537048339844;298.2594909667969;0.3067961575770827;1.6382914814616218;-0.6680486331240977;0.0333640821365077;0.1898301225008199;-1.5719468123855778;2.758864447011917;95.94813537597656;0.0
1734967971448;364.9537048339844;298.2594909667969;0.3071796527740541;1.6382914814616218;-0.6680486331240977;0.0337475773334791;0.1890631321068772;-1.572330307582549;2.758097456617974;95.94813537597656;0.0
1734967971449;364.9537048339844;298.2594909667969;0.3071796527740541;1.6382914814616218;-0.6680486331240977;0.0337475773334791;0.1890631321068772;-1.572330307582549;2.758097456617974;95.94813537597656;0.0
1734967971451;364.9537048339844;298.2594909667969;0.3071796527740541;1.6382914814616218;-0.6680486331240977;0.0337475773334791;0.1890631321068772;-1.572330307582549;2.758097456617974;95.94813537597656;0.0
1734967971452;364.9537048339844;298.2594909667969;0.3071796527740541;1.6382914814616218;-0.6680486331240977;0.0337475773334791;0.1890631321068772;-1.572330307582549;2.758097456617974;95.94813537597656;0.0
1734967971453;364.9537048339844;298.2594909667969;0.3071796527740541;1.6382914814616218;-0.6680486331240977;0.0337475773334791;0.1890631321068772;-1.572330307582549;2.758097456617974;95.94813537597656;0.0
1734967971454;364.9537048339844;298.2594909667969;0.3071796527740541;1.6382914814616218;-0.6680486331240977;0.0337475773334791;0.1890631321068772;-1.572330307582549;2.758097456617974;95.94813537597656;0.0
1734967971456;364.9537048339844;298.2594909667969;0.3071796527740541;1.6382914814616218;-0.6680486331240977;0.0337475773334791;0.1890631321068772;-1.572330307582549;2.758097456617974;95.94813537597656;0.0
1734967971457;364.9537048339844;298.2594909667969;0.3071796527740541;1.6382914814616218;-0.6680486331240977;0.0337475773334791;0.1890631321068772;-1.572330307582549;2.758097456617974;95.94813537597656;0.0
1734967971458;364.9537048339844;298.2594909667969;0.3067961575770827;1.6379079862646506;-0.6676651379271263;0.0329805869395363;0.1890631321068772;-1.572330307582549;2.758480951814945;95.94813537597656;0.0
1734967971459;364.9537048339844;298.2594909667969;0.3067961575770827;1.6379079862646506;-0.6676651379271263;0.0329805869395363;0.1890631321068772;-1.572330307582549;2.758480951814945;95.94813537597656;0.0
1734967971460;364.9537048339844;298.2594909667969;0.3067961575770827;1.6379079862646506;-0.6676651379271263;0.0329805869395363;0.1890631321068772;-1.572330307582549;2.758480951814945;95.94813537597656;0.0
1734967971461;364.9537048339844;298.2594909667969;0.3067961575770827;1.6379079862646506;-0.6676651379271263;0.0329805869395363;0.1890631321068772;-1.572330307582549;2.758480951814945;95.94813537597656;0.0
1734967971462;364.9537048339844;298.2594909667969;0.3067961575770827;1.6379079862646506;-0.6676651379271263;0.0329805869395363;0.1890631321068772;-1.572330307582549;2.758480951814945;95.94813537597656;0.0
1734967971464;364.9537048339844;298.2594909667969;0.3067961575770827;1.6379079862646506;-0.6676651379271263;0.0329805869395363;0.1890631321068772;-1.572330307582549;2.758480951814945;95.94813537597656;0.0
1734967971465;364.9537048339844;298.2594909667969;0.3067961575770827;1.6379079862646506;-0.6676651379271263;0.0329805869395363;0.1890631321068772;-1.572330307582549;2.758480951814945;95.94813537597656;0.0
1734967971466;364.9537048339844;298.2594909667969;0.3067961575770827;1.6379079862646506;-0.6676651379271263;0.0329805869395363;0.1890631321068772;-1.572330307582549;2.758480951814945;95.94813537597656;0.0
1734967971467;364.9537048339844;298.2594909667969;0.3067961575770827;1.6379079862646506;-0.6676651379271263;0.0329805869395363;0.1890631321068772;-1.572330307582549;2.758480951814945;95.94813537597656;0.0
1734967971469;364.9537048339844;298.2594909667969;0.3067961575770827;1.6379079862646506;-0.6676651379271263;0.0329805869395363;0.1890631321068772;-1.572330307582549;2.758480951814945;95.94813537597656;0.0
1734967971470;364.9537048339844;298.2594909667969;0.3067961575770827;1.6379079862646506;-0.6676651379271263;0.0329805869395363;0.1890631321068772;-1.572330307582549;2.758480951814945;95.94813537597656;0.0
1734967971472;364.9537048339844;298.2594909667969;0.3067961575770827;1.6379079862646506;-0.6676651379271263;0.0329805869395363;0.1890631321068772;-1.572330307582549;2.758480951814945;95.94813537597656;0.0
1734967971473;364.9537048339844;298.2594909667969;0.3067961575770827;1.6379079862646506;-0.6676651379271263;0.0329805869395363;0.1890631321068772;-1.572330307582549;2.758480951814945;95.94813537597656;0.0
1734967971474;364.9537048339844;298.2594909667969;0.3067961575770827;1.6379079862646506;-0.6676651379271263;0.0329805869395363;0.1890631321068772;-1.572330307582549;2.758480951814945;95.94813537597656;0.0
1734967971475;364.9537048339844;298.2594909667969;0.3067961575770827;1.6379079862646506;-0.6676651379271263;0.0329805869395363;0.1890631321068772;-1.572330307582549;2.758480951814945;95.94813537597656;0.0
1734967971477;364.9537048339844;298.2594909667969;0.3067961575770827;1.6379079862646506;-0.6676651379271263;0.0329805869395363;0.1890631321068772;-1.572330307582549;2.758480951814945;95.94813537597656;0.0
1734967971478;364.9537048339844;298.2594909667969;0.3067961575770827;1.6379079862646506;-0.6676651379271263;0.0329805869395363;0.1890631321068772;-1.572330307582549;2.758480951814945;95.94813537597656;0.0
1734967971479;364.9537048339844;298.2594909667969;0.3067961575770827;1.6379079862646506;-0.6676651379271263;0.0329805869395363;0.1890631321068772;-1.572330307582549;2.758480951814945;95.94813537597656;0.0
1734967971480;364.9537048339844;298.2594909667969;0.3067961575770827;1.6379079862646506;-0.6676651379271263;0.0329805869395363;0.1890631321068772;-1.572330307582549;2.758480951814945;95.94813537597656;0.0
1734967971482;364.9537048339844;298.2594909667969;0.3067961575770827;1.6379079862646506;-0.6676651379271263;0.0329805869395363;0.1890631321068772;-1.572330307582549;2.758480951814945;95.94813537597656;0.0
1734967971483;364.9537048339844;298.2594909667969;0.3067961575770827;1.6379079862646506;-0.6676651379271263;0.0329805869395363;0.1890631321068772;-1.572330307582549;2.758480951814945;95.94813537597656;0.0
1734967971484;364.9537048339844;298.2594909667969;0.3067961575770827;1.6379079862646506;-0.6676651379271263;0.0329805869395363;0.1890631321068772;-1.572330307582549;2.758480951814945;95.94813537597656;0.0
1734967971485;364.9537048339844;298.2594909667969;0.3067961575770827;1.6379079862646506;-0.6676651379271263;0.0329805869395363;0.1890631321068772;-1.572330307582549;2.758480951814945;95.94813537597656;0.0
1734967971486;364.9537048339844;298.2594909667969;0.3067961575770827;1.6379079862646506;-0.6676651379271263;0.0329805869395363;0.1890631321068772;-1.572330307582549;2.758480951814945;95.94813537597656;0.0
1734967971488;364.9537048339844;298.2594909667969;0.3075631479710254;1.6382914814616218;-0.6676651379271263;0.0337475773334791;0.1886796369099058;-1.5727138027795204;2.758864447011917;95.94813537597656;0.0
1734967971490;364.9537048339844;298.2594909667969;0.3075631479710254;1.6382914814616218;-0.6676651379271263;0.0337475773334791;0.1886796369099058;-1.5727138027795204;2.758864447011917;95.94813537597656;0.0
1734967971491;364.9537048339844;298.2594909667969;0.3075631479710254;1.6382914814616218;-0.6676651379271263;0.0337475773334791;0.1886796369099058;-1.5727138027795204;2.758864447011917;95.94813537597656;0.0
1734967971492;364.9537048339844;298.2594909667969;0.3075631479710254;1.6382914814616218;-0.6676651379271263;0.0337475773334791;0.1886796369099058;-1.5727138027795204;2.758864447011917;95.94813537597656;0.0
1734967971493;364.9537048339844;298.2594909667969;0.3075631479710254;1.6382914814616218;-0.6676651379271263;0.0337475773334791;0.1886796369099058;-1.5727138027795204;2.758864447011917;95.94813537597656;0.0
1734967971495;364.9537048339844;298.2594909667969;0.3075631479710254;1.6382914814616218;-0.6676651379271263;0.0337475773334791;0.1886796369099058;-1.5727138027795204;2.758864447011917;95.94813537597656;0.0
1734967971496;364.9537048339844;298.2594909667969;0.3075631479710254;1.6382914814616218;-0.6676651379271263;0.0337475773334791;0.1886796369099058;-1.5727138027795204;2.758864447011917;95.94813537597656;0.0
1734967971498;364.9537048339844;298.2594909667969;0.3079466431679968;1.6390584718555643;-0.6680486331240977;0.0333640821365077;0.1890631321068772;-1.573097297976492;2.758097456617974;95.94813537597656;0.0
1734967971499;364.9537048339844;298.2594909667969;0.3079466431679968;1.6390584718555643;-0.6680486331240977;0.0333640821365077;0.1890631321068772;-1.573097297976492;2.758097456617974;95.94813537597656;0.0
1734967971500;364.9537048339844;298.2594909667969;0.3079466431679968;1.6390584718555643;-0.6680486331240977;0.0333640821365077;0.1890631321068772;-1.573097297976492;2.758097456617974;95.94813537597656;0.0
1734967971502;364.9537048339844;298.2594909667969;0.3079466431679968;1.6390584718555643;-0.6680486331240977;0.0333640821365077;0.1890631321068772;-1.573097297976492;2.758097456617974;95.94813537597656;0.0
1734967971503;364.9537048339844;298.2594909667969;0.3079466431679968;1.6390584718555643;-0.6680486331240977;0.0333640821365077;0.1890631321068772;-1.573097297976492;2.758097456617974;95.94813537597656;0.0
1734967971504;364.9537048339844;298.2594909667969;0.3079466431679968;1.6390584718555643;-0.6680486331240977;0.0333640821365077;0.1890631321068772;-1.573097297976492;2.758097456617974;95.94813537597656;0.0
1734967971505;364.9537048339844;298.2594909667969;0.3079466431679968;1.6390584718555643;-0.6680486331240977;0.0333640821365077;0.1890631321068772;-1.573097297976492;2.758097456617974;95.94813537597656;0.0
1734967971506;364.9537048339844;298.2594909667969;0.3079466431679968;1.6390584718555643;-0.6680486331240977;0.0333640821365077;0.1890631321068772;-1.573097297976492;2.758097456617974;95.94813537597656;0.0
1734967971508;364.9537048339844;298.2594909667969;0.3075631479710254;1.6390584718555643;-0.6676651379271263;0.0333640821365077;0.1890631321068772;-1.5727138027795204;2.758864447011917;95.94813537597656;0.0
1734967971509;364.9537048339844;298.2594909667969;0.3075631479710254;1.6390584718555643;-0.6676651379271263;0.0333640821365077;0.1890631321068772;-1.5727138027795204;2.758864447011917;95.94813537597656;0.0
1734967971510;364.9537048339844;298.2594909667969;0.3075631479710254;1.6390584718555643;-0.6676651379271263;0.0333640821365077;0.1890631321068772;-1.5727138027795204;2.758864447011917;95.94813537597656;0.0
1734967971511;364.9537048339844;298.2594909667969;0.3075631479710254;1.6390584718555643;-0.6676651379271263;0.0333640821365077;0.1890631321068772;-1.5727138027795204;2.758864447011917;95.94813537597656;0.0
1734967971512;364.9537048339844;298.2594909667969;0.3075631479710254;1.6390584718555643;-0.6676651379271263;0.0333640821365077;0.1890631321068772;-1.5727138027795204;2.758864447011917;95.94813537597656;0.0
1734967971514;364.9537048339844;298.2594909667969;0.3075631479710254;1.6390584718555643;-0.6676651379271263;0.0333640821365077;0.1890631321068772;-1.5727138027795204;2.758864447011917;95.94813537597656;0.0
1734967971515;364.9537048339844;298.2594909667969;0.3075631479710254;1.6390584718555643;-0.6676651379271263;0.0333640821365077;0.1890631321068772;-1.5727138027795204;2.758864447011917;95.94813537597656;0.0
1734967971516;364.9537048339844;298.2594909667969;0.3075631479710254;1.6390584718555643;-0.6676651379271263;0.0333640821365077;0.1890631321068772;-1.5727138027795204;2.758864447011917;95.94813537597656;0.0
1734967971517;364.9537048339844;298.2594909667969;0.3075631479710254;1.6390584718555643;-0.6676651379271263;0.0333640821365077;0.1890631321068772;-1.5727138027795204;2.758864447011917;95.94813537597656;0.0
1734967971519;364.9537048339844;298.2594909667969;0.3075631479710254;1.6390584718555643;-0.6676651379271263;0.0333640821365077;0.1890631321068772;-1.5727138027795204;2.758864447011917;95.94813537597656;0.0
1734967971520;364.9537048339844;298.2594909667969;0.3075631479710254;1.6390584718555643;-0.6676651379271263;0.0333640821365077;0.1890631321068772;-1.5727138027795204;2.758864447011917;95.94813537597656;0.0
1734967971521;364.9537048339844;298.2594909667969;0.3075631479710254;1.6390584718555643;-0.6676651379271263;0.0333640821365077;0.1890631321068772;-1.5727138027795204;2.758864447011917;95.94813537597656;0.0
1734967971522;364.9537048339844;298.2594909667969;0.3075631479710254;1.6390584718555643;-0.6676651379271263;0.0333640821365077;0.1890631321068772;-1.5727138027795204;2.758864447011917;95.94813537597656;0.0
1734967971524;364.9537048339844;298.2594909667969;0.3075631479710254;1.6390584718555643;-0.6676651379271263;0.0333640821365077;0.1890631321068772;-1.5727138027795204;2.758864447011917;95.94813537597656;0.0
1734967971525;364.9537048339844;298.2594909667969;0.3075631479710254;1.6390584718555643;-0.6676651379271263;0.0333640821365077;0.1890631321068772;-1.5727138027795204;2.758864447011917;95.94813537597656;0.0
1734967971526;364.9537048339844;298.2594909667969;0.3075631479710254;1.6390584718555643;-0.6676651379271263;0.0333640821365077;0.1890631321068772;-1.5727138027795204;2.758864447011917;95.94813537597656;0.0
1734967971527;364.9537048339844;298.2594909667969;0.3075631479710254;1.6390584718555643;-0.6676651379271263;0.0333640821365077;0.1890631321068772;-1.5727138027795204;2.758864447011917;95.94813537597656;0.0
1734967971529;364.9537048339844;298.2594909667969;0.3075631479710254;1.6390584718555643;-0.6676651379271263;0.0333640821365077;0.1890631321068772;-1.5727138027795204;2.758864447011917;95.94813537597656;0.0
1734967971530;364.9537048339844;298.2594909667969;0.3075631479710254;1.6390584718555643;-0.6676651379271263;0.0333640821365077;0.1890631321068772;-1.5727138027795204;2.758864447011917;95.94813537597656;0.0
1734967971531;364.9537048339844;298.2594909667969;0.3075631479710254;1.6390584718555643;-0.6676651379271263;0.0333640821365077;0.1890631321068772;-1.5727138027795204;2.758864447011917;95.94813537597656;0.0
1734967971532;364.9537048339844;298.2594909667969;0.3075631479710254;1.6390584718555643;-0.6676651379271263;0.0333640821365077;0.1890631321068772;-1.5727138027795204;2.758864447011917;95.94813537597656;0.0
1734967971534;364.9537048339844;298.2594909667969;0.3075631479710254;1.6390584718555643;-0.6676651379271263;0.0333640821365077;0.1890631321068772;-1.5727138027795204;2.758864447011917;95.94813537597656;0.0
1734967971535;364.9537048339844;298.2594909667969;0.3075631479710254;1.6390584718555643;-0.6676651379271263;0.0333640821365077;0.1890631321068772;-1.5727138027795204;2.758864447011917;95.94813537597656;0.0
1734967971536;364.9537048339844;298.2594909667969;0.3075631479710254;1.6390584718555643;-0.6676651379271263;0.0333640821365077;0.1890631321068772;-1.5727138027795204;2.758864447011917;95.94813537597656;0.0
1734967971538;364.9537048339844;298.2594909667969;0.3071796527740541;1.6390584718555643;-0.6668981475331837;0.0329805869395363;0.1886796369099058;-1.5715633171886063;2.758480951814945;95.94813537597656;0.0
1734967971539;364.9537048339844;298.2594909667969;0.3075631479710254;1.6390584718555643;-0.6680486331240977;0.0329805869395363;0.1890631321068772;-1.572330307582549;2.758480951814945;95.94813537597656;0.0
1734967971540;364.9537048339844;298.2594909667969;0.3075631479710254;1.6390584718555643;-0.6680486331240977;0.0329805869395363;0.1890631321068772;-1.572330307582549;2.758480951814945;95.94813537597656;0.0
1734967971541;364.9537048339844;298.2594909667969;0.3075631479710254;1.6390584718555643;-0.6680486331240977;0.0329805869395363;0.1890631321068772;-1.572330307582549;2.758480951814945;95.94813537597656;0.0
1734967971542;364.9537048339844;298.2594909667969;0.3075631479710254;1.6390584718555643;-0.6680486331240977;0.0329805869395363;0.1890631321068772;-1.572330307582549;2.758480951814945;95.94813537597656;0.0
1734967971543;364.9537048339844;298.2594909667969;0.3075631479710254;1.6390584718555643;-0.6680486331240977;0.0329805869395363;0.1890631321068772;-1.572330307582549;2.758480951814945;95.94813537597656;0.0
1734967971545;364.9537048339844;298.2594909667969;0.3075631479710254;1.6390584718555643;-0.6680486331240977;0.0329805869395363;0.1890631321068772;-1.572330307582549;2.758480951814945;95.94813537597656;0.0
1734967971546;364.9537048339844;298.2594909667969;0.3075631479710254;1.6390584718555643;-0.6680486331240977;0.0329805869395363;0.1890631321068772;-1.572330307582549;2.758480951814945;95.94813537597656;0.0
1734967971547;364.9537048339844;298.2594909667969;0.3071796527740541;1.6382914814616218;-0.667281642730155;0.0337475773334791;0.1890631321068772;-1.572330307582549;2.759247942208888;95.94813537597656;0.0
1734967971549;364.9537048339844;298.2594909667969;0.3071796527740541;1.6382914814616218;-0.667281642730155;0.0337475773334791;0.1890631321068772;-1.572330307582549;2.759247942208888;95.94813537597656;0.0
1734967971550;364.9537048339844;298.2594909667969;0.3071796527740541;1.6382914814616218;-0.667281642730155;0.0337475773334791;0.1890631321068772;-1.572330307582549;2.759247942208888;95.94813537597656;0.0
1734967971551;364.9537048339844;298.2594909667969;0.3071796527740541;1.6382914814616218;-0.667281642730155;0.0337475773334791;0.1890631321068772;-1.572330307582549;2.759247942208888;95.94813537597656;0.0
1734967971552;364.9537048339844;298.2594909667969;0.3071796527740541;1.6382914814616218;-0.667281642730155;0.0337475773334791;0.1890631321068772;-1.572330307582549;2.759247942208888;95.94813537597656;0.0
1734967971554;364.9537048339844;298.2594909667969;0.3071796527740541;1.6382914814616218;-0.667281642730155;0.0337475773334791;0.1890631321068772;-1.572330307582549;2.759247942208888;95.94813537597656;0.0
1734967971555;364.9537048339844;298.2594909667969;0.3071796527740541;1.6382914814616218;-0.667281642730155;0.0337475773334791;0.1890631321068772;-1.572330307582549;2.759247942208888;95.94813537597656;0.0
1734967971556;364.9537048339844;298.2594909667969;0.3071796527740541;1.6382914814616218;-0.667281642730155;0.0337475773334791;0.1890631321068772;-1.572330307582549;2.759247942208888;95.94813537597656;0.0
1734967971559;364.9537048339844;298.2594909667969;0.3067961575770827;1.6382914814616218;-0.6676651379271263;0.0333640821365077;0.1894466273038486;-1.5727138027795204;2.7577139614210027;95.94813537597656;0.0
1734967971560;364.9537048339844;298.2594909667969;0.3067961575770827;1.6382914814616218;-0.6676651379271263;0.0333640821365077;0.1894466273038486;-1.5727138027795204;2.7577139614210027;95.94813537597656;0.0
1734967971561;364.9537048339844;298.2594909667969;0.3067961575770827;1.6382914814616218;-0.6676651379271263;0.0333640821365077;0.1894466273038486;-1.5727138027795204;2.7577139614210027;95.94813537597656;0.0
1734967971562;364.9537048339844;298.2594909667969;0.3067961575770827;1.6382914814616218;-0.6676651379271263;0.0333640821365077;0.1894466273038486;-1.5727138027795204;2.7577139614210027;95.94813537597656;0.0
1734967971564;364.9537048339844;298.2594909667969;0.3067961575770827;1.6382914814616218;-0.6676651379271263;0.0333640821365077;0.1894466273038486;-1.5727138027795204;2.7577139614210027;95.94813537597656;0.0
1734967971565;364.9537048339844;298.2594909667969;0.3067961575770827;1.6382914814616218;-0.6676651379271263;0.0333640821365077;0.1894466273038486;-1.5727138027795204;2.7577139614210027;95.94813537597656;0.0
1734967971566;364.9537048339844;298.2594909667969;0.3067961575770827;1.6382914814616218;-0.6676651379271263;0.0333640821365077;0.1894466273038486;-1.5727138027795204;2.7577139614210027;95.94813537597656;0.0
1734967971568;364.9537048339844;298.2594909667969;0.3067961575770827;1.6382914814616218;-0.6676651379271263;0.0333640821365077;0.1894466273038486;-1.5727138027795204;2.7577139614210027;95.94813537597656;0.0
1734967971569;364.9537048339844;298.2594909667969;0.3067961575770827;1.6382914814616218;-0.6676651379271263;0.0333640821365077;0.1894466273038486;-1.5727138027795204;2.7577139614210027;95.94813537597656;0.0
1734967971571;364.9537048339844;298.2594909667969;0.3067961575770827;1.6382914814616218;-0.6676651379271263;0.0333640821365077;0.1894466273038486;-1.5727138027795204;2.7577139614210027;95.94813537597656;0.0
1734967971572;364.9537048339844;298.2594909667969;0.3067961575770827;1.6382914814616218;-0.6676651379271263;0.0333640821365077;0.1894466273038486;-1.5727138027795204;2.7577139614210027;95.94813537597656;0.0
1734967971574;364.9537048339844;298.2594909667969;0.3067961575770827;1.6382914814616218;-0.6676651379271263;0.0333640821365077;0.1894466273038486;-1.5727138027795204;2.7577139614210027;95.94813537597656;0.0
1734967971575;364.9537048339844;298.2594909667969;0.3067961575770827;1.6382914814616218;-0.6676651379271263;0.0333640821365077;0.1894466273038486;-1.5727138027795204;2.7577139614210027;95.94813537597656;0.0
1734967971576;364.9537048339844;298.2594909667969;0.3067961575770827;1.6382914814616218;-0.6676651379271263;0.0333640821365077;0.1894466273038486;-1.5727138027795204;2.7577139614210027;95.94813537597656;0.0
1734967971578;364.9537048339844;298.2594909667969;0.3067961575770827;1.6382914814616218;-0.6676651379271263;0.0333640821365077;0.1894466273038486;-1.5727138027795204;2.7577139614210027;95.94813537597656;0.0
1734967971579;364.9537048339844;298.2594909667969;0.3067961575770827;1.6382914814616218;-0.6676651379271263;0.0333640821365077;0.1894466273038486;-1.5727138027795204;2.7577139614210027;95.94813537597656;0.0
1734967971580;364.9537048339844;298.2594909667969;0.3067961575770827;1.6382914814616218;-0.6676651379271263;0.0333640821365077;0.1894466273038486;-1.5727138027795204;2.7577139614210027;95.94813537597656;0.0
1734967971581;364.9537048339844;298.2594909667969;0.3067961575770827;1.6382914814616218;-0.6676651379271263;0.0333640821365077;0.1894466273038486;-1.5727138027795204;2.7577139614210027;95.94813537597656;0.0
1734967971583;364.9537048339844;298.2594909667969;0.3067961575770827;1.6382914814616218;-0.6676651379271263;0.0333640821365077;0.1894466273038486;-1.5727138027795204;2.7577139614210027;95.94813537597656;0.0
1734967971584;364.9537048339844;298.2594909667969;0.3067961575770827;1.6382914814616218;-0.6676651379271263;0.0333640821365077;0.1894466273038486;-1.5727138027795204;2.7577139614210027;95.94813537597656;0.0
1734967971585;364.9537048339844;298.2594909667969;0.3067961575770827;1.6382914814616218;-0.6676651379271263;0.0333640821365077;0.1894466273038486;-1.5727138027795204;2.7577139614210027;95.94813537597656;0.0
1734967971586;364.9537048339844;298.2594909667969;0.3067961575770827;1.6382914814616218;-0.6676651379271263;0.0333640821365077;0.1894466273038486;-1.5727138027795204;2.7577139614210027;95.94813537597656;0.0
1734967971588;364.9537048339844;298.2594909667969;0.3071796527740541;1.6386749766585933;-0.667281642730155;0.0333640821365077;0.1886796369099058;-1.5719468123855778;2.758097456617974;95.94813537597656;0.0
1734967971589;364.9537048339844;298.2594909667969;0.3083301383649681;1.6382914814616218;-0.6665146523362123;0.032597091742565;0.1890631321068772;-1.572330307582549;2.758097456617974;95.94813537597656;0.0
1734967971590;364.9537048339844;298.2594909667969;0.3083301383649681;1.6382914814616218;-0.6665146523362123;0.032597091742565;0.1890631321068772;-1.572330307582549;2.758097456617974;95.94813537597656;0.0
1734967971592;364.9537048339844;298.2594909667969;0.3083301383649681;1.6382914814616218;-0.6665146523362123;0.032597091742565;0.1890631321068772;-1.572330307582549;2.758097456617974;95.94813537597656;0.0
1734967971593;364.9537048339844;298.2594909667969;0.3083301383649681;1.6382914814616218;-0.6665146523362123;0.032597091742565;0.1890631321068772;-1.572330307582549;2.758097456617974;95.94813537597656;0.0
1734967971594;364.9537048339844;298.2594909667969;0.3083301383649681;1.6382914814616218;-0.6665146523362123;0.032597091742565;0.1890631321068772;-1.572330307582549;2.758097456617974;95.94813537597656;0.0
1734967971595;364.9537048339844;298.2594909667969;0.3083301383649681;1.6382914814616218;-0.6665146523362123;0.032597091742565;0.1890631321068772;-1.572330307582549;2.758097456617974;95.94813537597656;0.0
1734967971596;364.9537048339844;298.2594909667969;0.3083301383649681;1.6382914814616218;-0.6665146523362123;0.032597091742565;0.1890631321068772;-1.572330307582549;2.758097456617974;95.94813537597656;0.0
1734967971598;364.9537048339844;298.2594909667969;0.3075631479710254;1.6386749766585933;-0.6668981475331837;0.0337475773334791;0.1886796369099058;-1.572330307582549;2.758097456617974;95.94813537597656;0.0
1734967971599;364.9537048339844;298.2594909667969;0.3075631479710254;1.6386749766585933;-0.6668981475331837;0.0337475773334791;0.1886796369099058;-1.572330307582549;2.758097456617974;95.94813537597656;0.0
1734967971600;364.9537048339844;298.2594909667969;0.3075631479710254;1.6386749766585933;-0.6668981475331837;0.0337475773334791;0.1886796369099058;-1.572330307582549;2.758097456617974;95.94813537597656;0.0
1734967971602;364.9537048339844;298.2594909667969;0.3075631479710254;1.6386749766585933;-0.6668981475331837;0.0337475773334791;0.1886796369099058;-1.572330307582549;2.758097456617974;95.94813537597656;0.0
1734967971603;364.9537048339844;298.2594909667969;0.3075631479710254;1.6386749766585933;-0.6668981475331837;0.0337475773334791;0.1886796369099058;-1.572330307582549;2.758097456617974;95.94813537597656;0.0
1734967971604;364.9537048339844;298.2594909667969;0.3075631479710254;1.6386749766585933;-0.6668981475331837;0.0337475773334791;0.1886796369099058;-1.572330307582549;2.758097456617974;95.94813537597656;0.0
1734967971606;364.9537048339844;298.2594909667969;0.3075631479710254;1.6386749766585933;-0.6668981475331837;0.0337475773334791;0.1886796369099058;-1.572330307582549;2.758097456617974;95.94813537597656;0.0
1734967971608;364.9537048339844;298.2594909667969;0.3071796527740541;1.6382914814616218;-0.6665146523362123;0.032597091742565;0.1890631321068772;-1.573097297976492;2.758480951814945;95.94813537597656;0.0
1734967971609;364.9537048339844;298.2594909667969;0.3071796527740541;1.6382914814616218;-0.6665146523362123;0.032597091742565;0.1890631321068772;-1.573097297976492;2.758480951814945;95.94813537597656;0.0
1734967971610;364.9537048339844;298.2594909667969;0.3071796527740541;1.6382914814616218;-0.6665146523362123;0.032597091742565;0.1890631321068772;-1.573097297976492;2.758480951814945;95.94813537597656;0.0
1734967971611;364.9537048339844;298.2594909667969;0.3071796527740541;1.6382914814616218;-0.6665146523362123;0.032597091742565;0.1890631321068772;-1.573097297976492;2.758480951814945;95.94813537597656;0.0
1734967971613;364.9537048339844;298.2594909667969;0.3071796527740541;1.6382914814616218;-0.6665146523362123;0.032597091742565;0.1890631321068772;-1.573097297976492;2.758480951814945;95.94813537597656;0.0
1734967971614;364.9537048339844;298.2594909667969;0.3071796527740541;1.6382914814616218;-0.6665146523362123;0.032597091742565;0.1890631321068772;-1.573097297976492;2.758480951814945;95.94813537597656;0.0
1734967971615;364.9537048339844;298.2594909667969;0.3071796527740541;1.6382914814616218;-0.6665146523362123;0.032597091742565;0.1890631321068772;-1.573097297976492;2.758480951814945;95.94813537597656;0.0
1734967971616;364.9537048339844;298.2594909667969;0.3071796527740541;1.6382914814616218;-0.6665146523362123;0.032597091742565;0.1890631321068772;-1.573097297976492;2.758480951814945;95.94813537597656;0.0
1734967971618;364.9537048339844;298.2594909667969;0.3071796527740541;1.6382914814616218;-0.6665146523362123;0.032597091742565;0.1890631321068772;-1.573097297976492;2.758480951814945;95.94813537597656;0.0
1734967971619;364.9537048339844;298.2594909667969;0.3071796527740541;1.6382914814616218;-0.6665146523362123;0.032597091742565;0.1890631321068772;-1.573097297976492;2.758480951814945;95.94813537597656;0.0
1734967971620;364.9537048339844;298.2594909667969;0.3071796527740541;1.6382914814616218;-0.6665146523362123;0.032597091742565;0.1890631321068772;-1.573097297976492;2.758480951814945;95.94813537597656;0.0
1734967971622;364.9537048339844;298.2594909667969;0.3071796527740541;1.6382914814616218;-0.6665146523362123;0.032597091742565;0.1890631321068772;-1.573097297976492;2.758480951814945;95.94813537597656;0.0
1734967971623;364.9537048339844;298.2594909667969;0.3071796527740541;1.6382914814616218;-0.6665146523362123;0.032597091742565;0.1890631321068772;-1.573097297976492;2.758480951814945;95.94813537597656;0.0
1734967971624;364.9537048339844;298.2594909667969;0.3071796527740541;1.6382914814616218;-0.6665146523362123;0.032597091742565;0.1890631321068772;-1.573097297976492;2.758480951814945;95.94813537597656;0.0
1734967971625;364.9537048339844;298.2594909667969;0.3071796527740541;1.6382914814616218;-0.6665146523362123;0.032597091742565;0.1890631321068772;-1.573097297976492;2.758480951814945;95.94813537597656;0.0
1734967971627;364.9537048339844;298.2594909667969;0.3071796527740541;1.6382914814616218;-0.6665146523362123;0.032597091742565;0.1890631321068772;-1.573097297976492;2.758480951814945;95.94813537597656;0.0
1734967971628;364.9537048339844;298.2594909667969;0.3071796527740541;1.6382914814616218;-0.6665146523362123;0.032597091742565;0.1890631321068772;-1.573097297976492;2.758480951814945;95.94813537597656;0.0
1734967971629;364.9537048339844;298.2594909667969;0.3071796527740541;1.6382914814616218;-0.6665146523362123;0.032597091742565;0.1890631321068772;-1.573097297976492;2.758480951814945;95.94813537597656;0.0
1734967971630;364.9537048339844;298.2594909667969;0.3071796527740541;1.6382914814616218;-0.6665146523362123;0.032597091742565;0.1890631321068772;-1.573097297976492;2.758480951814945;95.94813537597656;0.0
1734967971632;364.9537048339844;298.2594909667969;0.3071796527740541;1.6382914814616218;-0.6665146523362123;0.032597091742565;0.1890631321068772;-1.573097297976492;2.758480951814945;95.94813537597656;0.0
1734967971633;364.9537048339844;298.2594909667969;0.3071796527740541;1.6382914814616218;-0.6665146523362123;0.032597091742565;0.1890631321068772;-1.573097297976492;2.758480951814945;95.94813537597656;0.0
1734967971634;364.9537048339844;298.2594909667969;0.3071796527740541;1.6382914814616218;-0.6665146523362123;0.032597091742565;0.1890631321068772;-1.573097297976492;2.758480951814945;95.94813537597656;0.0
1734967971636;364.9537048339844;298.2594909667969;0.3071796527740541;1.6382914814616218;-0.6665146523362123;0.032597091742565;0.1890631321068772;-1.573097297976492;2.758480951814945;95.94813537597656;0.0
1734967971637;364.9537048339844;298.2594909667969;0.3071796527740541;1.6382914814616218;-0.6665146523362123;0.032597091742565;0.1890631321068772;-1.573097297976492;2.758480951814945;95.94813537597656;0.0
1734967971639;364.9537048339844;298.2594909667969;0.3079466431679968;1.6390584718555643;-0.6665146523362123;0.0333640821365077;0.1890631321068772;-1.572330307582549;2.758864447011917;95.94813537597656;0.0
1734967971640;364.9537048339844;298.2594909667969;0.3079466431679968;1.6390584718555643;-0.6665146523362123;0.0333640821365077;0.1890631321068772;-1.572330307582549;2.758864447011917;95.94813537597656;0.0
1734967971641;364.9537048339844;298.2594909667969;0.3079466431679968;1.6390584718555643;-0.6665146523362123;0.0333640821365077;0.1890631321068772;-1.572330307582549;2.758864447011917;95.94813537597656;0.0
1734967971642;364.9537048339844;298.2594909667969;0.3079466431679968;1.6390584718555643;-0.6665146523362123;0.0333640821365077;0.1890631321068772;-1.572330307582549;2.758864447011917;95.94813537597656;0.0
1734967971644;364.9537048339844;298.2594909667969;0.3079466431679968;1.6390584718555643;-0.6665146523362123;0.0333640821365077;0.1890631321068772;-1.572330307582549;2.758864447011917;95.94813537597656;0.0
1734967971645;364.9537048339844;298.2594909667969;0.3079466431679968;1.6390584718555643;-0.6665146523362123;0.0333640821365077;0.1890631321068772;-1.572330307582549;2.758864447011917;95.94813537597656;0.0
1734967971646;364.9537048339844;298.2594909667969;0.3079466431679968;1.6390584718555643;-0.6665146523362123;0.0333640821365077;0.1890631321068772;-1.572330307582549;2.758864447011917;95.94813537597656;0.0
1734967971648;364.9537048339844;298.2594909667969;0.3079466431679968;1.6390584718555643;-0.6665146523362123;0.0329805869395363;0.1894466273038486;-1.572330307582549;2.7577139614210027;95.94813537597656;0.0
1734967971649;364.9537048339844;298.2594909667969;0.3079466431679968;1.6390584718555643;-0.6665146523362123;0.0329805869395363;0.1894466273038486;-1.572330307582549;2.7577139614210027;95.94813537597656;0.0
1734967971650;364.9537048339844;298.2594909667969;0.3079466431679968;1.6390584718555643;-0.6665146523362123;0.0329805869395363;0.1894466273038486;-1.572330307582549;2.7577139614210027;95.94813537597656;0.0
1734967971651;364.9537048339844;298.2594909667969;0.3079466431679968;1.6390584718555643;-0.6665146523362123;0.0329805869395363;0.1894466273038486;-1.572330307582549;2.7577139614210027;95.94813537597656;0.0
1734967971652;364.9537048339844;298.2594909667969;0.3079466431679968;1.6390584718555643;-0.6665146523362123;0.0329805869395363;0.1894466273038486;-1.572330307582549;2.7577139614210027;95.94813537597656;0.0
1734967971653;364.9537048339844;298.2594909667969;0.3079466431679968;1.6390584718555643;-0.6665146523362123;0.0329805869395363;0.1894466273038486;-1.572330307582549;2.7577139614210027;95.94813537597656;0.0
1734967971655;364.9537048339844;298.2594909667969;0.3079466431679968;1.6390584718555643;-0.6665146523362123;0.0329805869395363;0.1894466273038486;-1.572330307582549;2.7577139614210027;95.94813537597656;0.0
1734967971656;364.9537048339844;298.2594909667969;0.3079466431679968;1.6390584718555643;-0.6665146523362123;0.0329805869395363;0.1894466273038486;-1.572330307582549;2.7577139614210027;95.94813537597656;0.0
1734967971658;364.9537048339844;298.2594909667969;0.3075631479710254;1.6386749766585933;-0.667281642730155;0.032597091742565;0.1886796369099058;-1.5719468123855778;2.758480951814945;95.94813537597656;0.0
1734967971659;364.9537048339844;298.2594909667969;0.3075631479710254;1.6386749766585933;-0.667281642730155;0.032597091742565;0.1886796369099058;-1.5719468123855778;2.758480951814945;95.94813537597656;0.0
1734967971661;364.9537048339844;298.2594909667969;0.3075631479710254;1.6386749766585933;-0.667281642730155;0.032597091742565;0.1886796369099058;-1.5719468123855778;2.758480951814945;95.94813537597656;0.0
1734967971662;364.9537048339844;298.2594909667969;0.3075631479710254;1.6386749766585933;-0.667281642730155;0.032597091742565;0.1886796369099058;-1.5719468123855778;2.758480951814945;95.94813537597656;0.0
1734967971663;364.9537048339844;298.2594909667969;0.3075631479710254;1.6386749766585933;-0.667281642730155;0.032597091742565;0.1886796369099058;-1.5719468123855778;2.758480951814945;95.94813537597656;0.0
1734967971664;364.9537048339844;298.2594909667969;0.3075631479710254;1.6386749766585933;-0.667281642730155;0.032597091742565;0.1886796369099058;-1.5719468123855778;2.758480951814945;95.94813537597656;0.0
1734967971666;364.9537048339844;298.2594909667969;0.3075631479710254;1.6386749766585933;-0.667281642730155;0.032597091742565;0.1886796369099058;-1.5719468123855778;2.758480951814945;95.94813537597656;0.0
1734967971667;364.9537048339844;298.2594909667969;0.3075631479710254;1.6386749766585933;-0.667281642730155;0.032597091742565;0.1886796369099058;-1.5719468123855778;2.758480951814945;95.94813537597656;0.0
1734967971668;364.9537048339844;298.2594909667969;0.3075631479710254;1.6386749766585933;-0.667281642730155;0.032597091742565;0.1886796369099058;-1.5719468123855778;2.758480951814945;95.94813537597656;0.0
1734967971670;364.9537048339844;298.2594909667969;0.3075631479710254;1.6386749766585933;-0.667281642730155;0.032597091742565;0.1886796369099058;-1.5719468123855778;2.758480951814945;95.94813537597656;0.0
1734967971671;364.9537048339844;298.2594909667969;0.3075631479710254;1.6386749766585933;-0.667281642730155;0.032597091742565;0.1886796369099058;-1.5719468123855778;2.758480951814945;95.94813537597656;0.0
1734967971672;364.9537048339844;298.2594909667969;0.3075631479710254;1.6386749766585933;-0.667281642730155;0.032597091742565;0.1886796369099058;-1.5719468123855778;2.758480951814945;95.94813537597656;0.0
1734967971673;364.9537048339844;298.2594909667969;0.3075631479710254;1.6386749766585933;-0.667281642730155;0.032597091742565;0.1886796369099058;-1.5719468123855778;2.758480951814945;95.94813537597656;0.0
1734967971675;364.9537048339844;298.2594909667969;0.3075631479710254;1.6386749766585933;-0.667281642730155;0.032597091742565;0.1886796369099058;-1.5719468123855778;2.758480951814945;95.94813537597656;0.0
1734967971676;364.9537048339844;298.2594909667969;0.3075631479710254;1.6386749766585933;-0.667281642730155;0.032597091742565;0.1886796369099058;-1.5719468123855778;2.758480951814945;95.94813537597656;0.0
1734967971677;364.9537048339844;298.2594909667969;0.3075631479710254;1.6386749766585933;-0.667281642730155;0.032597091742565;0.1886796369099058;-1.5719468123855778;2.758480951814945;95.94813537597656;0.0
1734967971678;364.9537048339844;298.2594909667969;0.3075631479710254;1.6386749766585933;-0.667281642730155;0.032597091742565;0.1886796369099058;-1.5719468123855778;2.758480951814945;95.94813537597656;0.0
1734967971680;364.9537048339844;298.2594909667969;0.3075631479710254;1.6386749766585933;-0.667281642730155;0.032597091742565;0.1886796369099058;-1.5719468123855778;2.758480951814945;95.94813537597656;0.0
1734967971681;364.9537048339844;298.2594909667969;0.3075631479710254;1.6386749766585933;-0.667281642730155;0.032597091742565;0.1886796369099058;-1.5719468123855778;2.758480951814945;95.94813537597656;0.0
1734967971682;364.9537048339844;298.2594909667969;0.3075631479710254;1.6386749766585933;-0.667281642730155;0.032597091742565;0.1886796369099058;-1.5719468123855778;2.758480951814945;95.94813537597656;0.0
1734967971683;364.9537048339844;298.2594909667969;0.3075631479710254;1.6386749766585933;-0.667281642730155;0.032597091742565;0.1886796369099058;-1.5719468123855778;2.758480951814945;95.94813537597656;0.0
1734967971685;364.9537048339844;298.2594909667969;0.3075631479710254;1.6386749766585933;-0.667281642730155;0.032597091742565;0.1886796369099058;-1.5719468123855778;2.758480951814945;95.94813537597656;0.0
1734967971686;364.9537048339844;298.2594909667969;0.3075631479710254;1.6386749766585933;-0.667281642730155;0.032597091742565;0.1886796369099058;-1.5719468123855778;2.758480951814945;95.94813537597656;0.0
1734967971687;364.9537048339844;298.2594909667969;0.3075631479710254;1.6386749766585933;-0.667281642730155;0.032597091742565;0.1886796369099058;-1.5719468123855778;2.758480951814945;95.94813537597656;0.0
1734967971689;364.9537048339844;298.2594909667969;0.3079466431679968;1.6386749766585933;-0.6665146523362123;0.0329805869395363;0.1898301225008199;-1.572330307582549;2.758480951814945;95.94813537597656;0.0
1734967971690;364.9537048339844;298.2594909667969;0.3079466431679968;1.6386749766585933;-0.6665146523362123;0.0329805869395363;0.1898301225008199;-1.572330307582549;2.758480951814945;95.94813537597656;0.0
1734967971691;364.9537048339844;298.2594909667969;0.3079466431679968;1.6386749766585933;-0.6665146523362123;0.0329805869395363;0.1898301225008199;-1.572330307582549;2.758480951814945;95.94813537597656;0.0
1734967971693;364.9537048339844;298.2594909667969;0.3079466431679968;1.6386749766585933;-0.6665146523362123;0.0329805869395363;0.1898301225008199;-1.572330307582549;2.758480951814945;95.94813537597656;0.0
1734967971694;364.9537048339844;298.2594909667969;0.3079466431679968;1.6386749766585933;-0.6665146523362123;0.0329805869395363;0.1898301225008199;-1.572330307582549;2.758480951814945;95.94813537597656;0.0
1734967971695;364.9537048339844;298.2594909667969;0.3079466431679968;1.6386749766585933;-0.6665146523362123;0.0329805869395363;0.1898301225008199;-1.572330307582549;2.758480951814945;95.94813537597656;0.0
1734967971696;364.9537048339844;298.2594909667969;0.3079466431679968;1.6386749766585933;-0.6665146523362123;0.0329805869395363;0.1898301225008199;-1.572330307582549;2.758480951814945;95.94813537597656;0.0
1734967971698;364.9537048339844;298.2594909667969;0.3079466431679968;1.6386749766585933;-0.6661311571392409;0.0333640821365077;0.1890631321068772;-1.572330307582549;2.758480951814945;95.94813537597656;0.0
1734967971699;364.9537048339844;298.2594909667969;0.3079466431679968;1.6386749766585933;-0.6661311571392409;0.0333640821365077;0.1890631321068772;-1.572330307582549;2.758480951814945;95.94813537597656;0.0
1734967971700;364.9537048339844;298.2594909667969;0.3079466431679968;1.6386749766585933;-0.6661311571392409;0.0333640821365077;0.1890631321068772;-1.572330307582549;2.758480951814945;95.94813537597656;0.0
1734967971701;364.9537048339844;298.2594909667969;0.3079466431679968;1.6386749766585933;-0.6661311571392409;0.0333640821365077;0.1890631321068772;-1.572330307582549;2.758480951814945;95.94813537597656;0.0
1734967971703;364.9537048339844;298.2594909667969;0.3079466431679968;1.6386749766585933;-0.6661311571392409;0.0333640821365077;0.1890631321068772;-1.572330307582549;2.758480951814945;95.94813537597656;0.0
1734967971704;364.9537048339844;298.2594909667969;0.3079466431679968;1.6386749766585933;-0.6661311571392409;0.0333640821365077;0.1890631321068772;-1.572330307582549;2.758480951814945;95.94813537597656;0.0
1734967971705;364.9537048339844;298.2594909667969;0.3079466431679968;1.6386749766585933;-0.6661311571392409;0.0333640821365077;0.1890631321068772;-1.572330307582549;2.758480951814945;95.94813537597656;0.0
1734967971706;364.9537048339844;298.2594909667969;0.3079466431679968;1.6386749766585933;-0.6661311571392409;0.0333640821365077;0.1890631321068772;-1.572330307582549;2.758480951814945;95.94813537597656;0.0
1734967971708;364.9537048339844;298.2594909667969;0.3071796527740541;1.6379079862646506;-0.6668981475331837;0.0333640821365077;0.1886796369099058;-1.572330307582549;2.758480951814945;95.94813537597656;0.0
1734967971710;364.9537048339844;298.2594909667969;0.3071796527740541;1.6379079862646506;-0.6668981475331837;0.0333640821365077;0.1886796369099058;-1.572330307582549;2.758480951814945;95.94813537597656;0.0
1734967971711;364.9537048339844;298.2594909667969;0.3071796527740541;1.6379079862646506;-0.6668981475331837;0.0333640821365077;0.1886796369099058;-1.572330307582549;2.758480951814945;95.94813537597656;0.0
1734967971712;364.9537048339844;298.2594909667969;0.3071796527740541;1.6379079862646506;-0.6668981475331837;0.0333640821365077;0.1886796369099058;-1.572330307582549;2.758480951814945;95.94813537597656;0.0
1734967971713;364.9537048339844;298.2594909667969;0.3071796527740541;1.6379079862646506;-0.6668981475331837;0.0333640821365077;0.1886796369099058;-1.572330307582549;2.758480951814945;95.94813537597656;0.0
1734967971714;364.9537048339844;298.2594909667969;0.3071796527740541;1.6379079862646506;-0.6668981475331837;0.0333640821365077;0.1886796369099058;-1.572330307582549;2.758480951814945;95.94813537597656;0.0
1734967971716;364.9537048339844;298.2594909667969;0.3071796527740541;1.6379079862646506;-0.6668981475331837;0.0333640821365077;0.1886796369099058;-1.572330307582549;2.758480951814945;95.94813537597656;0.0
1734967971717;364.9537048339844;298.2594909667969;0.3071796527740541;1.6379079862646506;-0.6668981475331837;0.0333640821365077;0.1886796369099058;-1.572330307582549;2.758480951814945;95.94813537597656;0.0
1734967971718;364.9537048339844;298.2594909667969;0.3071796527740541;1.6379079862646506;-0.6668981475331837;0.0333640821365077;0.1886796369099058;-1.572330307582549;2.758480951814945;95.94813537597656;0.0
1734967971719;364.9537048339844;298.2594909667969;0.3071796527740541;1.6379079862646506;-0.6668981475331837;0.0333640821365077;0.1886796369099058;-1.572330307582549;2.758480951814945;95.94813537597656;0.0
1734967971721;364.9537048339844;298.2594909667969;0.3071796527740541;1.6379079862646506;-0.6668981475331837;0.0333640821365077;0.1886796369099058;-1.572330307582549;2.758480951814945;95.94813537597656;0.0
1734967971722;364.9537048339844;298.2594909667969;0.3071796527740541;1.6379079862646506;-0.6668981475331837;0.0333640821365077;0.1886796369099058;-1.572330307582549;2.758480951814945;95.94813537597656;0.0
1734967971723;364.9537048339844;298.2594909667969;0.3071796527740541;1.6379079862646506;-0.6668981475331837;0.0333640821365077;0.1886796369099058;-1.572330307582549;2.758480951814945;95.94813537597656;0.0
1734967971724;364.9537048339844;298.2594909667969;0.3071796527740541;1.6379079862646506;-0.6668981475331837;0.0333640821365077;0.1886796369099058;-1.572330307582549;2.758480951814945;95.94813537597656;0.0
1734967971726;364.9537048339844;298.2594909667969;0.3071796527740541;1.6379079862646506;-0.6668981475331837;0.0333640821365077;0.1886796369099058;-1.572330307582549;2.758480951814945;95.94813537597656;0.0
1734967971727;364.9537048339844;298.2594909667969;0.3071796527740541;1.6379079862646506;-0.6668981475331837;0.0333640821365077;0.1886796369099058;-1.572330307582549;2.758480951814945;95.94813537597656;0.0
1734967971728;364.9537048339844;298.2594909667969;0.3071796527740541;1.6379079862646506;-0.6668981475331837;0.0333640821365077;0.1886796369099058;-1.572330307582549;2.758480951814945;95.94813537597656;0.0
1734967971730;364.9537048339844;298.2594909667969;0.3071796527740541;1.6379079862646506;-0.6668981475331837;0.0333640821365077;0.1886796369099058;-1.572330307582549;2.758480951814945;95.94813537597656;0.0
1734967971731;364.9537048339844;298.2594909667969;0.3071796527740541;1.6379079862646506;-0.6668981475331837;0.0333640821365077;0.1886796369099058;-1.572330307582549;2.758480951814945;95.94813537597656;0.0
1734967971732;364.9537048339844;298.2594909667969;0.3071796527740541;1.6379079862646506;-0.6668981475331837;0.0333640821365077;0.1886796369099058;-1.572330307582549;2.758480951814945;95.94813537597656;0.0
1734967971733;364.9537048339844;298.2594909667969;0.3071796527740541;1.6379079862646506;-0.6668981475331837;0.0333640821365077;0.1886796369099058;-1.572330307582549;2.758480951814945;95.94813537597656;0.0
1734967971735;364.9537048339844;298.2594909667969;0.3071796527740541;1.6379079862646506;-0.6668981475331837;0.0333640821365077;0.1886796369099058;-1.572330307582549;2.758480951814945;95.94813537597656;0.0
1734967971736;364.9537048339844;298.2594909667969;0.3071796527740541;1.6379079862646506;-0.6668981475331837;0.0333640821365077;0.1886796369099058;-1.572330307582549;2.758480951814945;95.94813537597656;0.0
1734967971738;364.9537048339844;298.2594909667969;0.3071796527740541;1.6379079862646506;-0.6668981475331837;0.0333640821365077;0.1886796369099058;-1.572330307582549;2.758480951814945;95.94813537597656;0.0
1734967971739;364.9537048339844;298.2594909667969;0.3079466431679968;1.6386749766585933;-0.6657476619422695;0.0333640821365077;0.1890631321068772;-1.5719468123855778;2.758864447011917;95.94813537597656;0.0
1734967971740;364.9537048339844;298.2594909667969;0.3079466431679968;1.6386749766585933;-0.6657476619422695;0.0333640821365077;0.1890631321068772;-1.5719468123855778;2.758864447011917;95.94813537597656;0.0
1734967971742;364.9537048339844;298.2594909667969;0.3079466431679968;1.6386749766585933;-0.6657476619422695;0.0333640821365077;0.1890631321068772;-1.5719468123855778;2.758864447011917;95.94813537597656;0.0
1734967971743;364.9537048339844;298.2594909667969;0.3079466431679968;1.6386749766585933;-0.6657476619422695;0.0333640821365077;0.1890631321068772;-1.5719468123855778;2.758864447011917;95.94813537597656;0.0
1734967971744;364.9537048339844;298.2594909667969;0.3079466431679968;1.6386749766585933;-0.6657476619422695;0.0333640821365077;0.1890631321068772;-1.5719468123855778;2.758864447011917;95.94813537597656;0.0
1734967971745;364.9537048339844;298.2594909667969;0.3079466431679968;1.6386749766585933;-0.6657476619422695;0.0333640821365077;0.1890631321068772;-1.5719468123855778;2.758864447011917;95.94813537597656;0.0
1734967971747;364.9537048339844;298.2594909667969;0.3079466431679968;1.6386749766585933;-0.6657476619422695;0.0333640821365077;0.1890631321068772;-1.5719468123855778;2.758864447011917;95.94813537597656;0.0
1734967971748;364.9537048339844;298.2594909667969;0.3071796527740541;1.6390584718555643;-0.6665146523362123;0.0333640821365077;0.1894466273038486;-1.5719468123855778;2.758864447011917;95.94813537597656;0.0
1734967971749;364.9537048339844;298.2594909667969;0.3071796527740541;1.6390584718555643;-0.6665146523362123;0.0333640821365077;0.1894466273038486;-1.5719468123855778;2.758864447011917;95.94813537597656;0.0
1734967971750;364.9537048339844;298.2594909667969;0.3071796527740541;1.6390584718555643;-0.6665146523362123;0.0333640821365077;0.1894466273038486;-1.5719468123855778;2.758864447011917;95.94813537597656;0.0
1734967971751;364.9537048339844;298.2594909667969;0.3071796527740541;1.6390584718555643;-0.6665146523362123;0.0333640821365077;0.1894466273038486;-1.5719468123855778;2.758864447011917;95.94813537597656;0.0
1734967971753;364.9537048339844;298.2594909667969;0.3071796527740541;1.6390584718555643;-0.6665146523362123;0.0333640821365077;0.1894466273038486;-1.5719468123855778;2.758864447011917;95.94813537597656;0.0
1734967971754;364.9537048339844;298.2594909667969;0.3071796527740541;1.6390584718555643;-0.6665146523362123;0.0333640821365077;0.1894466273038486;-1.5719468123855778;2.758864447011917;95.94813537597656;0.0
1734967971755;364.9537048339844;298.2594909667969;0.3071796527740541;1.6390584718555643;-0.6665146523362123;0.0333640821365077;0.1894466273038486;-1.5719468123855778;2.758864447011917;95.94813537597656;0.0
1734967971756;364.9537048339844;298.2594909667969;0.3071796527740541;1.6390584718555643;-0.6665146523362123;0.0333640821365077;0.1894466273038486;-1.5719468123855778;2.758864447011917;95.94813537597656;0.0
1734967971758;364.9537048339844;298.2594909667969;0.3079466431679968;1.6386749766585933;-0.6661311571392409;0.0329805869395363;0.1894466273038486;-1.5719468123855778;2.758864447011917;95.94813537597656;0.0
1734967971759;364.9537048339844;298.2594909667969;0.3079466431679968;1.6386749766585933;-0.6661311571392409;0.0329805869395363;0.1894466273038486;-1.5719468123855778;2.758864447011917;95.94813537597656;0.0
1734967971760;364.9537048339844;298.2594909667969;0.3079466431679968;1.6386749766585933;-0.6661311571392409;0.0329805869395363;0.1894466273038486;-1.5719468123855778;2.758864447011917;95.94813537597656;0.0
1734967971762;364.9537048339844;298.2594909667969;0.3079466431679968;1.6386749766585933;-0.6661311571392409;0.0329805869395363;0.1894466273038486;-1.5719468123855778;2.758864447011917;95.94813537597656;0.0
1734967971763;364.9537048339844;298.2594909667969;0.3079466431679968;1.6386749766585933;-0.6661311571392409;0.0329805869395363;0.1894466273038486;-1.5719468123855778;2.758864447011917;95.94813537597656;0.0
1734967971764;364.9537048339844;298.2594909667969;0.3079466431679968;1.6386749766585933;-0.6661311571392409;0.0329805869395363;0.1894466273038486;-1.5719468123855778;2.758864447011917;95.94813537597656;0.0
