1734967971149;305.2904052734375;376.61700439453125;323.8826904296875;392.63629150390625;0.30679615757708273;1.6402089574464787;-0.6676651379271263;0.03413107253045045;0.190980608091734;-1.5715633171886063;2.759247942208888;95.94813537597656;0.0
1734967971150;305.2904052734375;376.6170043945313;323.8826904296875;392.6362915039063;0.3067961575770827;1.6402089574464789;-0.6676651379271263;0.0341310725304504;0.190980608091734;-1.5715633171886063;2.759247942208888;95.94813537597656;0.0
1734967971151;305.2904052734375;376.6170043945313;323.8826904296875;392.6362915039063;0.3067961575770827;1.6402089574464789;-0.6676651379271263;0.0341310725304504;0.190980608091734;-1.5715633171886063;2.759247942208888;95.94813537597656;0.0
1734967971152;305.2904052734375;376.6170043945313;323.8826904296875;392.6362915039063;0.3067961575770827;1.6402089574464789;-0.6676651379271263;0.0341310725304504;0.190980608091734;-1.5715633171886063;2.759247942208888;95.94813537597656;0.0
1734967971153;305.2904052734375;376.6170043945313;323.8826904296875;392.6362915039063;0.3067961575770827;1.6402089574464789;-0.6676651379271263;0.0341310725304504;0.190980608091734;-1.5715633171886063;2.759247942208888;95.94813537597656;0.0
1734967971154;305.2904052734375;376.6170043945313;323.8826904296875;392.6362915039063;0.3067961575770827;1.6402089574464789;-0.6676651379271263;0.0341310725304504;0.190980608091734;-1.5715633171886063;2.759247942208888;95.94813537597656;0.0
1734967971156;305.2904052734375;376.6170043945313;323.8826904296875;392.6362915039063;0.3067961575770827;1.6402089574464789;-0.6676651379271263;0.0341310725304504;0.190980608091734;-1.5715633171886063;2.759247942208888;95.94813537597656;0.0
1734967971157;305.2904052734375;376.6170043945313;323.8826904296875;392.6362915039063;0.3067961575770827;1.6402089574464789;-0.6676651379271263;0.0341310725304504;0.190980608091734;-1.5715633171886063;2.759247942208888;95.94813537597656;0.0
1734967971158;305.2904052734375;376.6170043945313;323.8826904296875;392.6362915039063;0.3071796527740541;1.6398254622495072;-0.6676651379271263;0.0345145677274218;0.1905971128947626;-1.5715633171886063;2.758864447011917;95.94813537597656;0.0
1734967971159;305.2904052734375;376.6170043945313;323.8826904296875;392.6362915039063;0.3071796527740541;1.6398254622495072;-0.6676651379271263;0.0345145677274218;0.1905971128947626;-1.5715633171886063;2.758864447011917;95.94813537597656;0.0
1734967971160;305.2904052734375;376.6170043945313;323.8826904296875;392.6362915039063;0.3071796527740541;1.6398254622495072;-0.6676651379271263;0.0345145677274218;0.1905971128947626;-1.5715633171886063;2.758864447011917;95.94813537597656;0.0
1734967971161;305.2904052734375;376.6170043945313;323.8826904296875;392.6362915039063;0.3071796527740541;1.6398254622495072;-0.6676651379271263;0.0345145677274218;0.1905971128947626;-1.5715633171886063;2.758864447011917;95.94813537597656;0.0
1734967971162;305.2904052734375;376.6170043945313;323.8826904296875;392.6362915039063;0.3071796527740541;1.6398254622495072;-0.6676651379271263;0.0345145677274218;0.1905971128947626;-1.5715633171886063;2.758864447011917;95.94813537597656;0.0
1734967971163;305.2904052734375;376.6170043945313;323.8826904296875;392.6362915039063;0.3071796527740541;1.6398254622495072;-0.6676651379271263;0.0345145677274218;0.1905971128947626;-1.5715633171886063;2.758864447011917;95.94813537597656;0.0
1734967971165;305.2904052734375;376.6170043945313;323.8826904296875;392.6362915039063;0.3071796527740541;1.6398254622495072;-0.6676651379271263;0.0345145677274218;0.1905971128947626;-1.5715633171886063;2.758864447011917;95.94813537597656;0.0
1734967971166;305.2904052734375;376.6170043945313;323.8826904296875;392.6362915039063;0.3071796527740541;1.6398254622495072;-0.6676651379271263;0.0345145677274218;0.1905971128947626;-1.5715633171886063;2.758864447011917;95.94813537597656;0.0
1734967971167;305.2904052734375;376.6170043945313;323.8826904296875;392.6362915039063;0.3071796527740541;1.6398254622495072;-0.6676651379271263;0.0345145677274218;0.1905971128947626;-1.5715633171886063;2.758864447011917;95.94813537597656;0.0
1734967971168;305.2904052734375;376.6170043945313;323.8826904296875;392.6362915039063;0.3071796527740541;1.6398254622495072;-0.6676651379271263;0.0345145677274218;0.1905971128947626;-1.5715633171886063;2.758864447011917;95.94813537597656;0.0
1734967971169;305.2904052734375;376.6170043945313;323.8826904296875;392.6362915039063;0.3071796527740541;1.6398254622495072;-0.6676651379271263;0.0345145677274218;0.1905971128947626;-1.5715633171886063;2.758864447011917;95.94813537597656;0.0
1734967971170;305.2904052734375;376.6170043945313;323.8826904296875;392.6362915039063;0.3071796527740541;1.6398254622495072;-0.6676651379271263;0.0345145677274218;0.1905971128947626;-1.5715633171886063;2.758864447011917;95.94813537597656;0.0
1734967971171;305.2904052734375;376.6170043945313;323.8826904296875;392.6362915039063;0.3071796527740541;1.6398254622495072;-0.6676651379271263;0.0345145677274218;0.1905971128947626;-1.5715633171886063;2.758864447011917;95.94813537597656;0.0
1734967971173;305.2904052734375;376.6170043945313;323.8826904296875;392.6362915039063;0.3071796527740541;1.6398254622495072;-0.6676651379271263;0.0345145677274218;0.1905971128947626;-1.5715633171886063;2.758864447011917;95.94813537597656;0.0
1734967971174;305.2904052734375;376.6170043945313;323.8826904296875;392.6362915039063;0.3071796527740541;1.6398254622495072;-0.6676651379271263;0.0345145677274218;0.1905971128947626;-1.5715633171886063;2.758864447011917;95.94813537597656;0.0
1734967971175;305.2904052734375;376.6170043945313;323.8826904296875;392.6362915039063;0.3071796527740541;1.6398254622495072;-0.6676651379271263;0.0345145677274218;0.1905971128947626;-1.5715633171886063;2.758864447011917;95.94813537597656;0.0
1734967971176;305.2904052734375;376.6170043945313;323.8826904296875;392.6362915039063;0.3071796527740541;1.6398254622495072;-0.6676651379271263;0.0345145677274218;0.1905971128947626;-1.5715633171886063;2.758864447011917;95.94813537597656;0.0
1734967971177;305.2904052734375;376.6170043945313;323.8826904296875;392.6362915039063;0.3071796527740541;1.6398254622495072;-0.6676651379271263;0.0345145677274218;0.1905971128947626;-1.5715633171886063;2.758864447011917;95.94813537597656;0.0
1734967971178;305.2904052734375;376.6170043945313;323.8826904296875;392.6362915039063;0.3071796527740541;1.6398254622495072;-0.6676651379271263;0.0345145677274218;0.1905971128947626;-1.5715633171886063;2.758864447011917;95.94813537597656;0.0
1734967971179;305.2904052734375;376.6170043945313;323.8826904296875;392.6362915039063;0.3071796527740541;1.6398254622495072;-0.6676651379271263;0.0345145677274218;0.1905971128947626;-1.5715633171886063;2.758864447011917;95.94813537597656;0.0
1734967971181;305.2904052734375;376.6170043945313;323.8826904296875;392.6362915039063;0.3071796527740541;1.6398254622495072;-0.6676651379271263;0.0345145677274218;0.1905971128947626;-1.5715633171886063;2.758864447011917;95.94813537597656;0.0
1734967971182;305.2904052734375;376.6170043945313;323.8826904296875;392.6362915039063;0.3071796527740541;1.6398254622495072;-0.6676651379271263;0.0345145677274218;0.1905971128947626;-1.5715633171886063;2.758864447011917;95.94813537597656;0.0
1734967971183;305.2904052734375;376.6170043945313;323.8826904296875;392.6362915039063;0.3071796527740541;1.6398254622495072;-0.6676651379271263;0.0345145677274218;0.1905971128947626;-1.5715633171886063;2.758864447011917;95.94813537597656;0.0
1734967971184;305.2904052734375;376.6170043945313;323.8826904296875;392.6362915039063;0.3071796527740541;1.6398254622495072;-0.6676651379271263;0.0345145677274218;0.1905971128947626;-1.5715633171886063;2.758864447011917;95.94813537597656;0.0
1734967971186;305.2904052734375;376.6170043945313;323.8826904296875;392.6362915039063;0.3071796527740541;1.6398254622495072;-0.6676651379271263;0.0345145677274218;0.1905971128947626;-1.5715633171886063;2.758864447011917;95.94813537597656;0.0
1734967971187;305.2904052734375;376.6170043945313;323.8826904296875;392.6362915039063;0.3071796527740541;1.6398254622495072;-0.6676651379271263;0.0345145677274218;0.1905971128947626;-1.5715633171886063;2.758864447011917;95.94813537597656;0.0
1734967971189;305.2904052734375;376.6170043945313;323.8826904296875;392.6362915039063;0.3075631479710254;1.6402089574464789;-0.6680486331240977;0.0341310725304504;0.1913641032887053;-1.572330307582549;2.758480951814945;95.94813537597656;0.0
1734967971190;305.2904052734375;376.6170043945313;323.8826904296875;392.6362915039063;0.3075631479710254;1.6402089574464789;-0.6680486331240977;0.0341310725304504;0.1913641032887053;-1.572330307582549;2.758480951814945;95.94813537597656;0.0
1734967971191;305.2904052734375;376.6170043945313;323.8826904296875;392.6362915039063;0.3075631479710254;1.6402089574464789;-0.6680486331240977;0.0341310725304504;0.1913641032887053;-1.572330307582549;2.758480951814945;95.94813537597656;0.0
1734967971192;305.2904052734375;376.6170043945313;323.8826904296875;392.6362915039063;0.3075631479710254;1.6402089574464789;-0.6680486331240977;0.0341310725304504;0.1913641032887053;-1.572330307582549;2.758480951814945;95.94813537597656;0.0
1734967971194;305.2904052734375;376.6170043945313;323.8826904296875;392.6362915039063;0.3075631479710254;1.6402089574464789;-0.6680486331240977;0.0341310725304504;0.1913641032887053;-1.572330307582549;2.758480951814945;95.94813537597656;0.0
1734967971195;305.2904052734375;376.6170043945313;323.8826904296875;392.6362915039063;0.3075631479710254;1.6402089574464789;-0.6680486331240977;0.0341310725304504;0.1913641032887053;-1.572330307582549;2.758480951814945;95.94813537597656;0.0
1734967971196;305.2904052734375;376.6170043945313;323.8826904296875;392.6362915039063;0.3075631479710254;1.6402089574464789;-0.6680486331240977;0.0341310725304504;0.1913641032887053;-1.572330307582549;2.758480951814945;95.94813537597656;0.0
1734967971198;305.2904052734375;376.6170043945313;323.8826904296875;392.6362915039063;0.3071796527740541;1.6402089574464789;-0.6688156235180404;0.0345145677274218;0.1913641032887053;-1.572330307582549;2.758480951814945;95.94813537597656;0.0
1734967971199;305.2904052734375;376.6170043945313;323.8826904296875;392.6362915039063;0.3071796527740541;1.6402089574464789;-0.6688156235180404;0.0345145677274218;0.1913641032887053;-1.572330307582549;2.758480951814945;95.94813537597656;0.0
1734967971200;305.2904052734375;376.6170043945313;323.8826904296875;392.6362915039063;0.3071796527740541;1.6402089574464789;-0.6688156235180404;0.0345145677274218;0.1913641032887053;-1.572330307582549;2.758480951814945;95.94813537597656;0.0
1734967971202;305.2904052734375;376.6170043945313;323.8826904296875;392.6362915039063;0.3071796527740541;1.6402089574464789;-0.6688156235180404;0.0345145677274218;0.1913641032887053;-1.572330307582549;2.758480951814945;95.94813537597656;0.0
1734967971203;305.2904052734375;376.6170043945313;323.8826904296875;392.6362915039063;0.3071796527740541;1.6402089574464789;-0.6688156235180404;0.0345145677274218;0.1913641032887053;-1.572330307582549;2.758480951814945;95.94813537597656;0.0
1734967971204;305.2904052734375;376.6170043945313;323.8826904296875;392.6362915039063;0.3071796527740541;1.6402089574464789;-0.6688156235180404;0.0345145677274218;0.1913641032887053;-1.572330307582549;2.758480951814945;95.94813537597656;0.0
1734967971205;305.2904052734375;376.6170043945313;323.8826904296875;392.6362915039063;0.3071796527740541;1.6402089574464789;-0.6688156235180404;0.0345145677274218;0.1913641032887053;-1.572330307582549;2.758480951814945;95.94813537597656;0.0
1734967971207;305.2904052734375;376.6170043945313;323.8826904296875;392.6362915039063;0.3071796527740541;1.6402089574464789;-0.6688156235180404;0.0345145677274218;0.1913641032887053;-1.572330307582549;2.758480951814945;95.94813537597656;0.0
1734967971208;305.2904052734375;376.6170043945313;323.8826904296875;392.6362915039063;0.3075631479710254;1.6398254622495072;-0.6676651379271263;0.0341310725304504;0.1917475984856767;-1.573097297976492;2.758864447011917;95.94813537597656;0.0
1734967971209;305.2904052734375;376.6170043945313;323.8826904296875;392.6362915039063;0.3075631479710254;1.6398254622495072;-0.6676651379271263;0.0341310725304504;0.1917475984856767;-1.573097297976492;2.758864447011917;95.94813537597656;0.0
1734967971210;305.2904052734375;376.6170043945313;323.8826904296875;392.6362915039063;0.3075631479710254;1.6398254622495072;-0.6676651379271263;0.0341310725304504;0.1917475984856767;-1.573097297976492;2.758864447011917;95.94813537597656;0.0
1734967971211;305.2904052734375;376.6170043945313;323.8826904296875;392.6362915039063;0.3075631479710254;1.6398254622495072;-0.6676651379271263;0.0341310725304504;0.1917475984856767;-1.573097297976492;2.758864447011917;95.94813537597656;0.0
1734967971213;305.2904052734375;376.6170043945313;323.8826904296875;392.6362915039063;0.3075631479710254;1.6398254622495072;-0.6676651379271263;0.0341310725304504;0.1917475984856767;-1.573097297976492;2.758864447011917;95.94813537597656;0.0
1734967971214;305.2904052734375;376.6170043945313;323.8826904296875;392.6362915039063;0.3075631479710254;1.6398254622495072;-0.6676651379271263;0.0341310725304504;0.1917475984856767;-1.573097297976492;2.758864447011917;95.94813537597656;0.0
1734967971215;305.2904052734375;376.6170043945313;323.8826904296875;392.6362915039063;0.3075631479710254;1.6398254622495072;-0.6676651379271263;0.0341310725304504;0.1917475984856767;-1.573097297976492;2.758864447011917;95.94813537597656;0.0
1734967971216;305.2904052734375;376.6170043945313;323.8826904296875;392.6362915039063;0.3075631479710254;1.6398254622495072;-0.6676651379271263;0.0341310725304504;0.1917475984856767;-1.573097297976492;2.758864447011917;95.94813537597656;0.0
1734967971218;305.2904052734375;376.6170043945313;323.8826904296875;392.6362915039063;0.3075631479710254;1.6398254622495072;-0.6676651379271263;0.0341310725304504;0.1917475984856767;-1.573097297976492;2.758864447011917;95.94813537597656;0.0
1734967971219;305.2904052734375;376.6170043945313;323.8826904296875;392.6362915039063;0.3075631479710254;1.6398254622495072;-0.6676651379271263;0.0341310725304504;0.1917475984856767;-1.573097297976492;2.758864447011917;95.94813537597656;0.0
1734967971220;305.2904052734375;376.6170043945313;323.8826904296875;392.6362915039063;0.3075631479710254;1.6398254622495072;-0.6676651379271263;0.0341310725304504;0.1917475984856767;-1.573097297976492;2.758864447011917;95.94813537597656;0.0
1734967971221;305.2904052734375;376.6170043945313;323.8826904296875;392.6362915039063;0.3075631479710254;1.6398254622495072;-0.6676651379271263;0.0341310725304504;0.1917475984856767;-1.573097297976492;2.758864447011917;95.94813537597656;0.0
1734967971223;305.2904052734375;376.6170043945313;323.8826904296875;392.6362915039063;0.3075631479710254;1.6398254622495072;-0.6676651379271263;0.0341310725304504;0.1917475984856767;-1.573097297976492;2.758864447011917;95.94813537597656;0.0
1734967971224;305.2904052734375;376.6170043945313;323.8826904296875;392.6362915039063;0.3075631479710254;1.6398254622495072;-0.6676651379271263;0.0341310725304504;0.1917475984856767;-1.573097297976492;2.758864447011917;95.94813537597656;0.0
1734967971225;305.2904052734375;376.6170043945313;323.8826904296875;392.6362915039063;0.3075631479710254;1.6398254622495072;-0.6676651379271263;0.0341310725304504;0.1917475984856767;-1.573097297976492;2.758864447011917;95.94813537597656;0.0
1734967971226;305.2904052734375;376.6170043945313;323.8826904296875;392.6362915039063;0.3075631479710254;1.6398254622495072;-0.6676651379271263;0.0341310725304504;0.1917475984856767;-1.573097297976492;2.758864447011917;95.94813537597656;0.0
1734967971228;305.2904052734375;376.6170043945313;323.8826904296875;392.6362915039063;0.3075631479710254;1.6398254622495072;-0.6676651379271263;0.0341310725304504;0.1917475984856767;-1.573097297976492;2.758864447011917;95.94813537597656;0.0
1734967971229;305.2904052734375;376.6170043945313;323.8826904296875;392.6362915039063;0.3075631479710254;1.6398254622495072;-0.6676651379271263;0.0341310725304504;0.1917475984856767;-1.573097297976492;2.758864447011917;95.94813537597656;0.0
1734967971230;305.2904052734375;376.6170043945313;323.8826904296875;392.6362915039063;0.3075631479710254;1.6398254622495072;-0.6676651379271263;0.0341310725304504;0.1917475984856767;-1.573097297976492;2.758864447011917;95.94813537597656;0.0
1734967971232;305.2904052734375;376.6170043945313;323.8826904296875;392.6362915039063;0.3075631479710254;1.6398254622495072;-0.6676651379271263;0.0341310725304504;0.1917475984856767;-1.573097297976492;2.758864447011917;95.94813537597656;0.0
1734967971233;305.2904052734375;376.6170043945313;323.8826904296875;392.6362915039063;0.3075631479710254;1.6398254622495072;-0.6676651379271263;0.0341310725304504;0.1917475984856767;-1.573097297976492;2.758864447011917;95.94813537597656;0.0
1734967971234;305.2904052734375;376.6170043945313;323.8826904296875;392.6362915039063;0.3075631479710254;1.6398254622495072;-0.6676651379271263;0.0341310725304504;0.1917475984856767;-1.573097297976492;2.758864447011917;95.94813537597656;0.0
1734967971236;305.2904052734375;376.6170043945313;323.8826904296875;392.6362915039063;0.3075631479710254;1.6398254622495072;-0.6676651379271263;0.0341310725304504;0.1917475984856767;-1.573097297976492;2.758864447011917;95.94813537597656;0.0
1734967971237;305.2904052734375;376.6170043945313;323.8826904296875;392.6362915039063;0.3075631479710254;1.6398254622495072;-0.6676651379271263;0.0341310725304504;0.1917475984856767;-1.573097297976492;2.758864447011917;95.94813537597656;0.0
1734967971238;305.2904052734375;376.6170043945313;323.8826904296875;392.6362915039063;0.3071796527740541;1.6402089574464789;-0.6680486331240977;0.0348980629243931;0.1925145888796194;-1.5727138027795204;2.758480951814945;95.94813537597656;0.0
1734967971240;305.2904052734375;376.6170043945313;323.8826904296875;392.6362915039063;0.3071796527740541;1.6402089574464789;-0.6680486331240977;0.0348980629243931;0.1925145888796194;-1.5727138027795204;2.758480951814945;95.94813537597656;0.0
1734967971241;305.2904052734375;376.6170043945313;323.8826904296875;392.6362915039063;0.3071796527740541;1.6402089574464789;-0.6680486331240977;0.0348980629243931;0.1925145888796194;-1.5727138027795204;2.758480951814945;95.94813537597656;0.0
1734967971242;305.2904052734375;376.6170043945313;323.8826904296875;392.6362915039063;0.3071796527740541;1.6402089574464789;-0.6680486331240977;0.0348980629243931;0.1925145888796194;-1.5727138027795204;2.758480951814945;95.94813537597656;0.0
1734967971243;305.2904052734375;376.6170043945313;323.8826904296875;392.6362915039063;0.3071796527740541;1.6402089574464789;-0.6680486331240977;0.0348980629243931;0.1925145888796194;-1.5727138027795204;2.758480951814945;95.94813537597656;0.0
1734967971245;305.2904052734375;376.6170043945313;323.8826904296875;392.6362915039063;0.3071796527740541;1.6402089574464789;-0.6680486331240977;0.0348980629243931;0.1925145888796194;-1.5727138027795204;2.758480951814945;95.94813537597656;0.0
1734967971246;305.2904052734375;376.6170043945313;323.8826904296875;392.6362915039063;0.3071796527740541;1.6402089574464789;-0.6680486331240977;0.0348980629243931;0.1925145888796194;-1.5727138027795204;2.758480951814945;95.94813537597656;0.0
1734967971247;305.2904052734375;376.6170043945313;323.8826904296875;392.6362915039063;0.3071796527740541;1.6402089574464789;-0.6680486331240977;0.0348980629243931;0.1925145888796194;-1.5727138027795204;2.758480951814945;95.94813537597656;0.0
1734967971249;305.2904052734375;376.6170043945313;323.8826904296875;392.6362915039063;0.3075631479710254;1.6402089574464789;-0.6676651379271263;0.0345145677274218;0.1928980840765908;-1.572330307582549;2.758480951814945;95.94813537597656;0.0
1734967971250;305.2904052734375;376.6170043945313;323.8826904296875;392.6362915039063;0.3075631479710254;1.6402089574464789;-0.6676651379271263;0.0345145677274218;0.1928980840765908;-1.572330307582549;2.758480951814945;95.94813537597656;0.0
1734967971251;305.2904052734375;376.6170043945313;323.8826904296875;392.6362915039063;0.3075631479710254;1.6402089574464789;-0.6676651379271263;0.0345145677274218;0.1928980840765908;-1.572330307582549;2.758480951814945;95.94813537597656;0.0
1734967971253;305.2904052734375;376.6170043945313;323.8826904296875;392.6362915039063;0.3075631479710254;1.6402089574464789;-0.6676651379271263;0.0345145677274218;0.1928980840765908;-1.572330307582549;2.758480951814945;95.94813537597656;0.0
1734967971254;305.2904052734375;376.6170043945313;323.8826904296875;392.6362915039063;0.3075631479710254;1.6402089574464789;-0.6676651379271263;0.0345145677274218;0.1928980840765908;-1.572330307582549;2.758480951814945;95.94813537597656;0.0
1734967971255;305.2904052734375;376.6170043945313;323.8826904296875;392.6362915039063;0.3075631479710254;1.6402089574464789;-0.6676651379271263;0.0345145677274218;0.1928980840765908;-1.572330307582549;2.758480951814945;95.94813537597656;0.0
1734967971257;305.2904052734375;376.6170043945313;323.8826904296875;392.6362915039063;0.3075631479710254;1.6402089574464789;-0.6676651379271263;0.0345145677274218;0.1928980840765908;-1.572330307582549;2.758480951814945;95.94813537597656;0.0
1734967971258;305.2904052734375;376.6170043945313;323.8826904296875;392.6362915039063;0.3071796527740541;1.6402089574464789;-0.6676651379271263;0.0352815581213645;0.1925145888796194;-1.572330307582549;2.758480951814945;95.94813537597656;0.0
1734967971259;305.2904052734375;376.6170043945313;323.8826904296875;392.6362915039063;0.3071796527740541;1.6402089574464789;-0.6676651379271263;0.0352815581213645;0.1925145888796194;-1.572330307582549;2.758480951814945;95.94813537597656;0.0
1734967971260;305.2904052734375;376.6170043945313;323.8826904296875;392.6362915039063;0.3071796527740541;1.6402089574464789;-0.6676651379271263;0.0352815581213645;0.1925145888796194;-1.572330307582549;2.758480951814945;95.94813537597656;0.0
1734967971262;305.2904052734375;376.6170043945313;323.8826904296875;392.6362915039063;0.3071796527740541;1.6402089574464789;-0.6676651379271263;0.0352815581213645;0.1925145888796194;-1.572330307582549;2.758480951814945;95.94813537597656;0.0
1734967971263;305.2904052734375;376.6170043945313;323.8826904296875;392.6362915039063;0.3071796527740541;1.6402089574464789;-0.6676651379271263;0.0352815581213645;0.1925145888796194;-1.572330307582549;2.758480951814945;95.94813537597656;0.0
1734967971264;305.2904052734375;376.6170043945313;323.8826904296875;392.6362915039063;0.3071796527740541;1.6402089574464789;-0.6676651379271263;0.0352815581213645;0.1925145888796194;-1.572330307582549;2.758480951814945;95.94813537597656;0.0
1734967971265;305.2904052734375;376.6170043945313;323.8826904296875;392.6362915039063;0.3071796527740541;1.6402089574464789;-0.6676651379271263;0.0352815581213645;0.1925145888796194;-1.572330307582549;2.758480951814945;95.94813537597656;0.0
1734967971267;305.2904052734375;376.6170043945313;323.8826904296875;392.6362915039063;0.3071796527740541;1.6402089574464789;-0.6676651379271263;0.0352815581213645;0.1925145888796194;-1.572330307582549;2.758480951814945;95.94813537597656;0.0
1734967971268;305.2904052734375;376.6170043945313;323.8826904296875;392.6362915039063;0.3071796527740541;1.6402089574464789;-0.6676651379271263;0.0352815581213645;0.1925145888796194;-1.572330307582549;2.758480951814945;95.94813537597656;0.0
1734967971269;305.2904052734375;376.6170043945313;323.8826904296875;392.6362915039063;0.3071796527740541;1.6402089574464789;-0.6676651379271263;0.0352815581213645;0.1925145888796194;-1.572330307582549;2.758480951814945;95.94813537597656;0.0
1734967971271;305.2904052734375;376.6170043945313;323.8826904296875;392.6362915039063;0.3071796527740541;1.6402089574464789;-0.6676651379271263;0.0352815581213645;0.1925145888796194;-1.572330307582549;2.758480951814945;95.94813537597656;0.0
1734967971272;305.2904052734375;376.6170043945313;323.8826904296875;392.6362915039063;0.3071796527740541;1.6402089574464789;-0.6676651379271263;0.0352815581213645;0.1925145888796194;-1.572330307582549;2.758480951814945;95.94813537597656;0.0
1734967971273;305.2904052734375;376.6170043945313;323.8826904296875;392.6362915039063;0.3071796527740541;1.6402089574464789;-0.6676651379271263;0.0352815581213645;0.1925145888796194;-1.572330307582549;2.758480951814945;95.94813537597656;0.0
1734967971274;305.2904052734375;376.6170043945313;323.8826904296875;392.6362915039063;0.3071796527740541;1.6402089574464789;-0.6676651379271263;0.0352815581213645;0.1925145888796194;-1.572330307582549;2.758480951814945;95.94813537597656;0.0
1734967971275;305.2904052734375;376.6170043945313;323.8826904296875;392.6362915039063;0.3071796527740541;1.6402089574464789;-0.6676651379271263;0.0352815581213645;0.1925145888796194;-1.572330307582549;2.758480951814945;95.94813537597656;0.0
1734967971277;305.2904052734375;376.6170043945313;323.8826904296875;392.6362915039063;0.3071796527740541;1.6402089574464789;-0.6676651379271263;0.0352815581213645;0.1925145888796194;-1.572330307582549;2.758480951814945;95.94813537597656;0.0
1734967971278;305.2904052734375;376.6170043945313;323.8826904296875;392.6362915039063;0.3071796527740541;1.6402089574464789;-0.6676651379271263;0.0352815581213645;0.1925145888796194;-1.572330307582549;2.758480951814945;95.94813537597656;0.0
1734967971279;305.2904052734375;376.6170043945313;323.8826904296875;392.6362915039063;0.3071796527740541;1.6402089574464789;-0.6676651379271263;0.0352815581213645;0.1925145888796194;-1.572330307582549;2.758480951814945;95.94813537597656;0.0
1734967971280;305.2904052734375;376.6170043945313;323.8826904296875;392.6362915039063;0.3071796527740541;1.6402089574464789;-0.6676651379271263;0.0352815581213645;0.1925145888796194;-1.572330307582549;2.758480951814945;95.94813537597656;0.0
1734967971281;305.2904052734375;376.6170043945313;323.8826904296875;392.6362915039063;0.3071796527740541;1.6402089574464789;-0.6676651379271263;0.0352815581213645;0.1925145888796194;-1.572330307582549;2.758480951814945;95.94813537597656;0.0
1734967971283;305.2904052734375;376.6170043945313;323.8826904296875;392.6362915039063;0.3071796527740541;1.6402089574464789;-0.6676651379271263;0.0352815581213645;0.1925145888796194;-1.572330307582549;2.758480951814945;95.94813537597656;0.0
1734967971284;305.2904052734375;376.6170043945313;323.8826904296875;392.6362915039063;0.3071796527740541;1.6402089574464789;-0.6676651379271263;0.0352815581213645;0.1925145888796194;-1.572330307582549;2.758480951814945;95.94813537597656;0.0
1734967971285;305.2904052734375;376.6170043945313;323.8826904296875;392.6362915039063;0.3071796527740541;1.6402089574464789;-0.6676651379271263;0.0352815581213645;0.1925145888796194;-1.572330307582549;2.758480951814945;95.94813537597656;0.0
1734967971287;305.2904052734375;376.6170043945313;323.8826904296875;392.6362915039063;0.3071796527740541;1.6402089574464789;-0.6676651379271263;0.0352815581213645;0.1925145888796194;-1.572330307582549;2.758480951814945;95.94813537597656;0.0
1734967971288;305.2904052734375;376.6170043945313;323.8826904296875;392.6362915039063;0.3071796527740541;1.639441967052536;-0.6680486331240977;0.0337475773334791;0.1925145888796194;-1.5738642883704346;2.758480951814945;95.94813537597656;0.0
1734967971289;305.2904052734375;376.6170043945313;323.8826904296875;392.6362915039063;0.3071796527740541;1.639441967052536;-0.6680486331240977;0.0337475773334791;0.1925145888796194;-1.5738642883704346;2.758480951814945;95.94813537597656;0.0
1734967971290;305.2904052734375;376.6170043945313;323.8826904296875;392.6362915039063;0.3071796527740541;1.639441967052536;-0.6680486331240977;0.0337475773334791;0.1925145888796194;-1.5738642883704346;2.758480951814945;95.94813537597656;0.0
1734967971292;305.2904052734375;376.6170043945313;323.8826904296875;392.6362915039063;0.3071796527740541;1.639441967052536;-0.6680486331240977;0.0337475773334791;0.1925145888796194;-1.5738642883704346;2.758480951814945;95.94813537597656;0.0
1734967971293;305.2904052734375;376.6170043945313;323.8826904296875;392.6362915039063;0.3071796527740541;1.639441967052536;-0.6680486331240977;0.0337475773334791;0.1925145888796194;-1.5738642883704346;2.758480951814945;95.94813537597656;0.0
1734967971294;305.2904052734375;376.6170043945313;323.8826904296875;392.6362915039063;0.3071796527740541;1.639441967052536;-0.6680486331240977;0.0337475773334791;0.1925145888796194;-1.5738642883704346;2.758480951814945;95.94813537597656;0.0
1734967971295;305.2904052734375;376.6170043945313;323.8826904296875;392.6362915039063;0.3071796527740541;1.639441967052536;-0.6680486331240977;0.0337475773334791;0.1925145888796194;-1.5738642883704346;2.758480951814945;95.94813537597656;0.0
1734967971297;305.2904052734375;376.6170043945313;323.8826904296875;392.6362915039063;0.3071796527740541;1.639441967052536;-0.6680486331240977;0.0337475773334791;0.1925145888796194;-1.5738642883704346;2.758480951814945;95.94813537597656;0.0
1734967971298;305.2904052734375;376.6170043945313;323.8826904296875;392.6362915039063;0.3071796527740541;1.6398254622495072;-0.6680486331240977;0.0348980629243931;0.1932815792735621;-1.5738642883704346;2.758097456617974;95.94813537597656;0.0
1734967971299;305.2904052734375;376.6170043945313;323.8826904296875;392.6362915039063;0.3071796527740541;1.6398254622495072;-0.6680486331240977;0.0348980629243931;0.1932815792735621;-1.5738642883704346;2.758097456617974;95.94813537597656;0.0
1734967971300;305.2904052734375;376.6170043945313;323.8826904296875;392.6362915039063;0.3071796527740541;1.6398254622495072;-0.6680486331240977;0.0348980629243931;0.1932815792735621;-1.5738642883704346;2.758097456617974;95.94813537597656;0.0
1734967971302;305.2904052734375;376.6170043945313;323.8826904296875;392.6362915039063;0.3071796527740541;1.6398254622495072;-0.6680486331240977;0.0348980629243931;0.1932815792735621;-1.5738642883704346;2.758097456617974;95.94813537597656;0.0
1734967971303;305.2904052734375;376.6170043945313;323.8826904296875;392.6362915039063;0.3071796527740541;1.6398254622495072;-0.6680486331240977;0.0348980629243931;0.1932815792735621;-1.5738642883704346;2.758097456617974;95.94813537597656;0.0
1734967971304;305.2904052734375;376.6170043945313;323.8826904296875;392.6362915039063;0.3071796527740541;1.6398254622495072;-0.6680486331240977;0.0348980629243931;0.1932815792735621;-1.5738642883704346;2.758097456617974;95.94813537597656;0.0
1734967971305;305.2904052734375;376.6170043945313;323.8826904296875;392.6362915039063;0.3071796527740541;1.6398254622495072;-0.6680486331240977;0.0348980629243931;0.1932815792735621;-1.5738642883704346;2.758097456617974;95.94813537597656;0.0
1734967971307;305.2904052734375;376.6170043945313;323.8826904296875;392.6362915039063;0.3071796527740541;1.6398254622495072;-0.6680486331240977;0.0348980629243931;0.1932815792735621;-1.5738642883704346;2.758097456617974;95.94813537597656;0.0
1734967971308;305.2904052734375;376.6170043945313;323.8826904296875;392.6362915039063;0.3075631479710254;1.639441967052536;-0.6680486331240977;0.0345145677274218;0.1917475984856767;-1.5727138027795204;2.758864447011917;95.94813537597656;0.0
1734967971309;305.2904052734375;376.6170043945313;323.8826904296875;392.6362915039063;0.3075631479710254;1.639441967052536;-0.6680486331240977;0.0345145677274218;0.1917475984856767;-1.5727138027795204;2.758864447011917;95.94813537597656;0.0
1734967971310;305.2904052734375;376.6170043945313;323.8826904296875;392.6362915039063;0.3075631479710254;1.639441967052536;-0.6680486331240977;0.0345145677274218;0.1917475984856767;-1.5727138027795204;2.758864447011917;95.94813537597656;0.0
1734967971311;305.2904052734375;376.6170043945313;323.8826904296875;392.6362915039063;0.3075631479710254;1.639441967052536;-0.6680486331240977;0.0345145677274218;0.1917475984856767;-1.5727138027795204;2.758864447011917;95.94813537597656;0.0
1734967971313;305.2904052734375;376.6170043945313;323.8826904296875;392.6362915039063;0.3075631479710254;1.639441967052536;-0.6680486331240977;0.0345145677274218;0.1917475984856767;-1.5727138027795204;2.758864447011917;95.94813537597656;0.0
1734967971314;305.2904052734375;376.6170043945313;323.8826904296875;392.6362915039063;0.3075631479710254;1.639441967052536;-0.6680486331240977;0.0345145677274218;0.1917475984856767;-1.5727138027795204;2.758864447011917;95.94813537597656;0.0
1734967971315;305.2904052734375;376.6170043945313;323.8826904296875;392.6362915039063;0.3075631479710254;1.639441967052536;-0.6680486331240977;0.0345145677274218;0.1917475984856767;-1.5727138027795204;2.758864447011917;95.94813537597656;0.0
1734967971316;305.2904052734375;376.6170043945313;323.8826904296875;392.6362915039063;0.3075631479710254;1.639441967052536;-0.6680486331240977;0.0345145677274218;0.1917475984856767;-1.5727138027795204;2.758864447011917;95.94813537597656;0.0
1734967971318;305.2904052734375;376.6170043945313;323.8826904296875;392.6362915039063;0.3075631479710254;1.639441967052536;-0.6680486331240977;0.0345145677274218;0.1917475984856767;-1.5727138027795204;2.758864447011917;95.94813537597656;0.0
1734967971319;305.2904052734375;376.6170043945313;323.8826904296875;392.6362915039063;0.3075631479710254;1.639441967052536;-0.6680486331240977;0.0345145677274218;0.1917475984856767;-1.5727138027795204;2.758864447011917;95.94813537597656;0.0
1734967971320;305.2904052734375;376.6170043945313;323.8826904296875;392.6362915039063;0.3075631479710254;1.639441967052536;-0.6680486331240977;0.0345145677274218;0.1917475984856767;-1.5727138027795204;2.758864447011917;95.94813537597656;0.0
1734967971321;305.2904052734375;376.6170043945313;323.8826904296875;392.6362915039063;0.3075631479710254;1.639441967052536;-0.6680486331240977;0.0345145677274218;0.1917475984856767;-1.5727138027795204;2.758864447011917;95.94813537597656;0.0
1734967971323;305.2904052734375;376.6170043945313;323.8826904296875;392.6362915039063;0.3075631479710254;1.639441967052536;-0.6680486331240977;0.0345145677274218;0.1917475984856767;-1.5727138027795204;2.758864447011917;95.94813537597656;0.0
1734967971324;305.2904052734375;376.6170043945313;323.8826904296875;392.6362915039063;0.3075631479710254;1.639441967052536;-0.6680486331240977;0.0345145677274218;0.1917475984856767;-1.5727138027795204;2.758864447011917;95.94813537597656;0.0
1734967971325;305.2904052734375;376.6170043945313;323.8826904296875;392.6362915039063;0.3075631479710254;1.639441967052536;-0.6680486331240977;0.0345145677274218;0.1917475984856767;-1.5727138027795204;2.758864447011917;95.94813537597656;0.0
1734967971326;305.2904052734375;376.6170043945313;323.8826904296875;392.6362915039063;0.3075631479710254;1.639441967052536;-0.6680486331240977;0.0345145677274218;0.1917475984856767;-1.5727138027795204;2.758864447011917;95.94813537597656;0.0
1734967971328;305.2904052734375;376.6170043945313;323.8826904296875;392.6362915039063;0.3075631479710254;1.639441967052536;-0.6680486331240977;0.0345145677274218;0.1917475984856767;-1.5727138027795204;2.758864447011917;95.94813537597656;0.0
1734967971329;305.2904052734375;376.6170043945313;323.8826904296875;392.6362915039063;0.3075631479710254;1.639441967052536;-0.6680486331240977;0.0345145677274218;0.1917475984856767;-1.5727138027795204;2.758864447011917;95.94813537597656;0.0
1734967971330;305.2904052734375;376.6170043945313;323.8826904296875;392.6362915039063;0.3075631479710254;1.639441967052536;-0.6680486331240977;0.0345145677274218;0.1917475984856767;-1.5727138027795204;2.758864447011917;95.94813537597656;0.0
1734967971332;305.2904052734375;376.6170043945313;323.8826904296875;392.6362915039063;0.3075631479710254;1.639441967052536;-0.6680486331240977;0.0345145677274218;0.1917475984856767;-1.5727138027795204;2.758864447011917;95.94813537597656;0.0
1734967971333;305.2904052734375;376.6170043945313;323.8826904296875;392.6362915039063;0.3075631479710254;1.639441967052536;-0.6680486331240977;0.0345145677274218;0.1917475984856767;-1.5727138027795204;2.758864447011917;95.94813537597656;0.0
1734967971334;305.2904052734375;376.6170043945313;323.8826904296875;392.6362915039063;0.3075631479710254;1.639441967052536;-0.6680486331240977;0.0345145677274218;0.1917475984856767;-1.5727138027795204;2.758864447011917;95.94813537597656;0.0
1734967971335;305.2904052734375;376.6170043945313;323.8826904296875;392.6362915039063;0.3075631479710254;1.639441967052536;-0.6680486331240977;0.0345145677274218;0.1917475984856767;-1.5727138027795204;2.758864447011917;95.94813537597656;0.0
1734967971337;305.2904052734375;376.6170043945313;323.8826904296875;392.6362915039063;0.3075631479710254;1.639441967052536;-0.6680486331240977;0.0345145677274218;0.1917475984856767;-1.5727138027795204;2.758864447011917;95.94813537597656;0.0
1734967971338;305.2904052734375;376.6170043945313;323.8826904296875;392.6362915039063;0.3075631479710254;1.6382914814616218;-0.6688156235180404;0.0352815581213645;0.192131093682648;-1.5727138027795204;2.758864447011917;95.94813537597656;0.0
1734967971339;305.2904052734375;376.6170043945313;323.8826904296875;392.6362915039063;0.3075631479710254;1.6382914814616218;-0.6688156235180404;0.0352815581213645;0.192131093682648;-1.5727138027795204;2.758864447011917;95.94813537597656;0.0
1734967971340;305.2904052734375;376.6170043945313;323.8826904296875;392.6362915039063;0.3075631479710254;1.6382914814616218;-0.6688156235180404;0.0352815581213645;0.192131093682648;-1.5727138027795204;2.758864447011917;95.94813537597656;0.0
1734967971341;305.2904052734375;376.6170043945313;323.8826904296875;392.6362915039063;0.3075631479710254;1.6382914814616218;-0.6688156235180404;0.0352815581213645;0.192131093682648;-1.5727138027795204;2.758864447011917;95.94813537597656;0.0
1734967971343;305.2904052734375;376.6170043945313;323.8826904296875;392.6362915039063;0.3075631479710254;1.6382914814616218;-0.6688156235180404;0.0352815581213645;0.192131093682648;-1.5727138027795204;2.758864447011917;95.94813537597656;0.0
1734967971344;305.2904052734375;376.6170043945313;323.8826904296875;392.6362915039063;0.3075631479710254;1.6382914814616218;-0.6688156235180404;0.0352815581213645;0.192131093682648;-1.5727138027795204;2.758864447011917;95.94813537597656;0.0
1734967971345;305.2904052734375;376.6170043945313;323.8826904296875;392.6362915039063;0.3075631479710254;1.6382914814616218;-0.6688156235180404;0.0352815581213645;0.192131093682648;-1.5727138027795204;2.758864447011917;95.94813537597656;0.0
1734967971346;305.2904052734375;376.6170043945313;323.8826904296875;392.6362915039063;0.3075631479710254;1.6382914814616218;-0.6688156235180404;0.0352815581213645;0.192131093682648;-1.5727138027795204;2.758864447011917;95.94813537597656;0.0
1734967971348;305.2904052734375;376.6170043945313;323.8826904296875;392.6362915039063;0.3071796527740541;1.6390584718555643;-0.668432128321069;0.0341310725304504;0.192131093682648;-1.572330307582549;2.7577139614210027;95.94813537597656;0.0
1734967971349;305.2904052734375;376.6170043945313;323.8826904296875;392.6362915039063;0.3071796527740541;1.6390584718555643;-0.668432128321069;0.0341310725304504;0.192131093682648;-1.572330307582549;2.7577139614210027;95.94813537597656;0.0
1734967971350;305.2904052734375;376.6170043945313;323.8826904296875;392.6362915039063;0.3071796527740541;1.6390584718555643;-0.668432128321069;0.0341310725304504;0.192131093682648;-1.572330307582549;2.7577139614210027;95.94813537597656;0.0
1734967971351;305.2904052734375;376.6170043945313;323.8826904296875;392.6362915039063;0.3071796527740541;1.6390584718555643;-0.668432128321069;0.0341310725304504;0.192131093682648;-1.572330307582549;2.7577139614210027;95.94813537597656;0.0
1734967971352;305.2904052734375;376.6170043945313;323.8826904296875;392.6362915039063;0.3071796527740541;1.6390584718555643;-0.668432128321069;0.0341310725304504;0.192131093682648;-1.572330307582549;2.7577139614210027;95.94813537597656;0.0
1734967971353;305.2904052734375;376.6170043945313;323.8826904296875;392.6362915039063;0.3071796527740541;1.6390584718555643;-0.668432128321069;0.0341310725304504;0.192131093682648;-1.572330307582549;2.7577139614210027;95.94813537597656;0.0
1734967971355;305.2904052734375;376.6170043945313;323.8826904296875;392.6362915039063;0.3071796527740541;1.6390584718555643;-0.668432128321069;0.0341310725304504;0.192131093682648;-1.572330307582549;2.7577139614210027;95.94813537597656;0.0
1734967971356;305.2904052734375;376.6170043945313;323.8826904296875;392.6362915039063;0.3071796527740541;1.6390584718555643;-0.668432128321069;0.0341310725304504;0.192131093682648;-1.572330307582549;2.7577139614210027;95.94813537597656;0.0
1734967971358;305.2904052734375;376.6170043945313;323.8826904296875;392.6362915039063;0.3071796527740541;1.639441967052536;-0.6676651379271263;0.0345145677274218;0.192131093682648;-1.5734807931734631;2.758864447011917;95.94813537597656;0.0
1734967971359;305.2904052734375;376.6170043945313;323.8826904296875;392.6362915039063;0.3071796527740541;1.639441967052536;-0.6676651379271263;0.0345145677274218;0.192131093682648;-1.5734807931734631;2.758864447011917;95.94813537597656;0.0
1734967971360;305.2904052734375;376.6170043945313;323.8826904296875;392.6362915039063;0.3071796527740541;1.639441967052536;-0.6676651379271263;0.0345145677274218;0.192131093682648;-1.5734807931734631;2.758864447011917;95.94813537597656;0.0
1734967971361;305.2904052734375;376.6170043945313;323.8826904296875;392.6362915039063;0.3071796527740541;1.639441967052536;-0.6676651379271263;0.0345145677274218;0.192131093682648;-1.5734807931734631;2.758864447011917;95.94813537597656;0.0
1734967971363;305.2904052734375;376.6170043945313;323.8826904296875;392.6362915039063;0.3071796527740541;1.639441967052536;-0.6676651379271263;0.0345145677274218;0.192131093682648;-1.5734807931734631;2.758864447011917;95.94813537597656;0.0
1734967971364;305.2904052734375;376.6170043945313;323.8826904296875;392.6362915039063;0.3071796527740541;1.639441967052536;-0.6676651379271263;0.0345145677274218;0.192131093682648;-1.5734807931734631;2.758864447011917;95.94813537597656;0.0
1734967971365;305.2904052734375;376.6170043945313;323.8826904296875;392.6362915039063;0.3071796527740541;1.639441967052536;-0.6676651379271263;0.0345145677274218;0.192131093682648;-1.5734807931734631;2.758864447011917;95.94813537597656;0.0
1734967971366;305.2904052734375;376.6170043945313;323.8826904296875;392.6362915039063;0.3071796527740541;1.639441967052536;-0.6676651379271263;0.0345145677274218;0.192131093682648;-1.5734807931734631;2.758864447011917;95.94813537597656;0.0
1734967971368;305.2904052734375;376.6170043945313;323.8826904296875;392.6362915039063;0.3071796527740541;1.639441967052536;-0.6676651379271263;0.0345145677274218;0.192131093682648;-1.5734807931734631;2.758864447011917;95.94813537597656;0.0
1734967971369;305.2904052734375;376.6170043945313;323.8826904296875;392.6362915039063;0.3071796527740541;1.639441967052536;-0.6676651379271263;0.0345145677274218;0.192131093682648;-1.5734807931734631;2.758864447011917;95.94813537597656;0.0
1734967971370;305.2904052734375;376.6170043945313;323.8826904296875;392.6362915039063;0.3071796527740541;1.639441967052536;-0.6676651379271263;0.0345145677274218;0.192131093682648;-1.5734807931734631;2.758864447011917;95.94813537597656;0.0
1734967971371;305.2904052734375;376.6170043945313;323.8826904296875;392.6362915039063;0.3071796527740541;1.639441967052536;-0.6676651379271263;0.0345145677274218;0.192131093682648;-1.5734807931734631;2.758864447011917;95.94813537597656;0.0
1734967971373;305.2904052734375;376.6170043945313;323.8826904296875;392.6362915039063;0.3071796527740541;1.639441967052536;-0.6676651379271263;0.0345145677274218;0.192131093682648;-1.5734807931734631;2.758864447011917;95.94813537597656;0.0
1734967971374;305.2904052734375;376.6170043945313;323.8826904296875;392.6362915039063;0.3071796527740541;1.639441967052536;-0.6676651379271263;0.0345145677274218;0.192131093682648;-1.5734807931734631;2.758864447011917;95.94813537597656;0.0
1734967971375;305.2904052734375;376.6170043945313;323.8826904296875;392.6362915039063;0.3071796527740541;1.639441967052536;-0.6676651379271263;0.0345145677274218;0.192131093682648;-1.5734807931734631;2.758864447011917;95.94813537597656;0.0
1734967971376;305.2904052734375;376.6170043945313;323.8826904296875;392.6362915039063;0.3071796527740541;1.639441967052536;-0.6676651379271263;0.0345145677274218;0.192131093682648;-1.5734807931734631;2.758864447011917;95.94813537597656;0.0
1734967971378;305.2904052734375;376.6170043945313;323.8826904296875;392.6362915039063;0.3071796527740541;1.639441967052536;-0.6676651379271263;0.0345145677274218;0.192131093682648;-1.5734807931734631;2.758864447011917;95.94813537597656;0.0
1734967971379;305.2904052734375;376.6170043945313;323.8826904296875;392.6362915039063;0.3071796527740541;1.639441967052536;-0.6676651379271263;0.0345145677274218;0.192131093682648;-1.5734807931734631;2.758864447011917;95.94813537597656;0.0
1734967971380;305.2904052734375;376.6170043945313;323.8826904296875;392.6362915039063;0.3071796527740541;1.639441967052536;-0.6676651379271263;0.0345145677274218;0.192131093682648;-1.5734807931734631;2.758864447011917;95.94813537597656;0.0
1734967971381;305.2904052734375;376.6170043945313;323.8826904296875;392.6362915039063;0.3071796527740541;1.639441967052536;-0.6676651379271263;0.0345145677274218;0.192131093682648;-1.5734807931734631;2.758864447011917;95.94813537597656;0.0
1734967971382;305.2904052734375;376.6170043945313;323.8826904296875;392.6362915039063;0.3071796527740541;1.639441967052536;-0.6676651379271263;0.0345145677274218;0.192131093682648;-1.5734807931734631;2.758864447011917;95.94813537597656;0.0
1734967971384;305.2904052734375;376.6170043945313;323.8826904296875;392.6362915039063;0.3071796527740541;1.639441967052536;-0.6676651379271263;0.0345145677274218;0.192131093682648;-1.5734807931734631;2.758864447011917;95.94813537597656;0.0
1734967971385;305.2904052734375;376.6170043945313;323.8826904296875;392.6362915039063;0.3071796527740541;1.639441967052536;-0.6676651379271263;0.0345145677274218;0.192131093682648;-1.5734807931734631;2.758864447011917;95.94813537597656;0.0
1734967971386;305.2904052734375;376.6170043945313;323.8826904296875;392.6362915039063;0.3071796527740541;1.639441967052536;-0.6676651379271263;0.0345145677274218;0.192131093682648;-1.5734807931734631;2.758864447011917;95.94813537597656;0.0
1734967971388;305.2904052734375;376.6170043945313;323.8826904296875;392.6362915039063;0.3071796527740541;1.6390584718555643;-0.6676651379271263;0.0333640821365077;0.1913641032887053;-1.5719468123855778;2.759247942208888;95.94813537597656;0.0
1734967971389;305.2904052734375;376.6170043945313;323.8826904296875;392.6362915039063;0.3071796527740541;1.6390584718555643;-0.6676651379271263;0.0333640821365077;0.1913641032887053;-1.5719468123855778;2.759247942208888;95.94813537597656;0.0
1734967971391;305.2904052734375;376.6170043945313;323.8826904296875;392.6362915039063;0.3071796527740541;1.6390584718555643;-0.6676651379271263;0.0333640821365077;0.1913641032887053;-1.5719468123855778;2.759247942208888;95.94813537597656;0.0
1734967971392;305.2904052734375;376.6170043945313;323.8826904296875;392.6362915039063;0.3071796527740541;1.6390584718555643;-0.6676651379271263;0.0333640821365077;0.1913641032887053;-1.5719468123855778;2.759247942208888;95.94813537597656;0.0
1734967971393;305.2904052734375;376.6170043945313;323.8826904296875;392.6362915039063;0.3071796527740541;1.6390584718555643;-0.6676651379271263;0.0333640821365077;0.1913641032887053;-1.5719468123855778;2.759247942208888;95.94813537597656;0.0
1734967971394;305.2904052734375;376.6170043945313;323.8826904296875;392.6362915039063;0.3071796527740541;1.6390584718555643;-0.6676651379271263;0.0333640821365077;0.1913641032887053;-1.5719468123855778;2.759247942208888;95.94813537597656;0.0
1734967971396;305.2904052734375;376.6170043945313;323.8826904296875;392.6362915039063;0.3071796527740541;1.6390584718555643;-0.6676651379271263;0.0333640821365077;0.1913641032887053;-1.5719468123855778;2.759247942208888;95.94813537597656;0.0
1734967971397;305.2904052734375;376.6170043945313;323.8826904296875;392.6362915039063;0.3071796527740541;1.6390584718555643;-0.6676651379271263;0.0333640821365077;0.1913641032887053;-1.5719468123855778;2.759247942208888;95.94813537597656;0.0
1734967971398;305.2904052734375;376.6170043945313;323.8826904296875;392.6362915039063;0.3067961575770827;1.6379079862646506;-0.6680486331240977;0.0337475773334791;0.1917475984856767;-1.5727138027795204;2.7577139614210027;95.94813537597656;0.0
1734967971400;305.2904052734375;376.6170043945313;323.8826904296875;392.6362915039063;0.3067961575770827;1.6379079862646506;-0.6680486331240977;0.0337475773334791;0.1917475984856767;-1.5727138027795204;2.7577139614210027;95.94813537597656;0.0
1734967971401;305.2904052734375;376.6170043945313;323.8826904296875;392.6362915039063;0.3067961575770827;1.6379079862646506;-0.6680486331240977;0.0337475773334791;0.1917475984856767;-1.5727138027795204;2.7577139614210027;95.94813537597656;0.0
1734967971402;305.2904052734375;376.6170043945313;323.8826904296875;392.6362915039063;0.3067961575770827;1.6379079862646506;-0.6680486331240977;0.0337475773334791;0.1917475984856767;-1.5727138027795204;2.7577139614210027;95.94813537597656;0.0
1734967971404;305.2904052734375;376.6170043945313;323.8826904296875;392.6362915039063;0.3067961575770827;1.6379079862646506;-0.6680486331240977;0.0337475773334791;0.1917475984856767;-1.5727138027795204;2.7577139614210027;95.94813537597656;0.0
1734967971405;305.2904052734375;376.6170043945313;323.8826904296875;392.6362915039063;0.3067961575770827;1.6379079862646506;-0.6680486331240977;0.0337475773334791;0.1917475984856767;-1.5727138027795204;2.7577139614210027;95.94813537597656;0.0
1734967971406;305.2904052734375;376.6170043945313;323.8826904296875;392.6362915039063;0.3067961575770827;1.6379079862646506;-0.6680486331240977;0.0337475773334791;0.1917475984856767;-1.5727138027795204;2.7577139614210027;95.94813537597656;0.0
1734967971408;305.2904052734375;376.6170043945313;323.8826904296875;392.6362915039063;0.3075631479710254;1.6386749766585933;-0.6668981475331837;0.0345145677274218;0.190980608091734;-1.572330307582549;2.758864447011917;95.94813537597656;0.0
1734967971409;305.2904052734375;376.6170043945313;323.8826904296875;392.6362915039063;0.3075631479710254;1.6386749766585933;-0.6668981475331837;0.0345145677274218;0.190980608091734;-1.572330307582549;2.758864447011917;95.94813537597656;0.0
1734967971410;305.2904052734375;376.6170043945313;323.8826904296875;392.6362915039063;0.3075631479710254;1.6386749766585933;-0.6668981475331837;0.0345145677274218;0.190980608091734;-1.572330307582549;2.758864447011917;95.94813537597656;0.0
1734967971411;305.2904052734375;376.6170043945313;323.8826904296875;392.6362915039063;0.3075631479710254;1.6386749766585933;-0.6668981475331837;0.0345145677274218;0.190980608091734;-1.572330307582549;2.758864447011917;95.94813537597656;0.0
1734967971413;305.2904052734375;376.6170043945313;323.8826904296875;392.6362915039063;0.3075631479710254;1.6386749766585933;-0.6668981475331837;0.0345145677274218;0.190980608091734;-1.572330307582549;2.758864447011917;95.94813537597656;0.0
1734967971414;305.2904052734375;376.6170043945313;323.8826904296875;392.6362915039063;0.3075631479710254;1.6386749766585933;-0.6668981475331837;0.0345145677274218;0.190980608091734;-1.572330307582549;2.758864447011917;95.94813537597656;0.0
1734967971415;305.2904052734375;376.6170043945313;323.8826904296875;392.6362915039063;0.3075631479710254;1.6386749766585933;-0.6668981475331837;0.0345145677274218;0.190980608091734;-1.572330307582549;2.758864447011917;95.94813537597656;0.0
1734967971416;305.2904052734375;376.6170043945313;323.8826904296875;392.6362915039063;0.3075631479710254;1.6386749766585933;-0.6668981475331837;0.0345145677274218;0.190980608091734;-1.572330307582549;2.758864447011917;95.94813537597656;0.0
1734967971418;305.2904052734375;376.6170043945313;323.8826904296875;392.6362915039063;0.3075631479710254;1.6386749766585933;-0.6668981475331837;0.0345145677274218;0.190980608091734;-1.572330307582549;2.758864447011917;95.94813537597656;0.0
1734967971419;305.2904052734375;376.6170043945313;323.8826904296875;392.6362915039063;0.3075631479710254;1.6386749766585933;-0.6668981475331837;0.0345145677274218;0.190980608091734;-1.572330307582549;2.758864447011917;95.94813537597656;0.0
1734967971421;305.2904052734375;376.6170043945313;323.8826904296875;392.6362915039063;0.3075631479710254;1.6386749766585933;-0.6668981475331837;0.0345145677274218;0.190980608091734;-1.572330307582549;2.758864447011917;95.94813537597656;0.0
1734967971422;305.2904052734375;376.6170043945313;323.8826904296875;392.6362915039063;0.3075631479710254;1.6386749766585933;-0.6668981475331837;0.0345145677274218;0.190980608091734;-1.572330307582549;2.758864447011917;95.94813537597656;0.0
1734967971423;305.2904052734375;376.6170043945313;323.8826904296875;392.6362915039063;0.3075631479710254;1.6386749766585933;-0.6668981475331837;0.0345145677274218;0.190980608091734;-1.572330307582549;2.758864447011917;95.94813537597656;0.0
1734967971424;305.2904052734375;376.6170043945313;323.8826904296875;392.6362915039063;0.3075631479710254;1.6386749766585933;-0.6668981475331837;0.0345145677274218;0.190980608091734;-1.572330307582549;2.758864447011917;95.94813537597656;0.0
1734967971426;305.2904052734375;376.6170043945313;323.8826904296875;392.6362915039063;0.3075631479710254;1.6386749766585933;-0.6668981475331837;0.0345145677274218;0.190980608091734;-1.572330307582549;2.758864447011917;95.94813537597656;0.0
1734967971427;305.2904052734375;376.6170043945313;323.8826904296875;392.6362915039063;0.3075631479710254;1.6386749766585933;-0.6668981475331837;0.0345145677274218;0.190980608091734;-1.572330307582549;2.758864447011917;95.94813537597656;0.0
1734967971428;305.2904052734375;376.6170043945313;323.8826904296875;392.6362915039063;0.3075631479710254;1.6386749766585933;-0.6668981475331837;0.0345145677274218;0.190980608091734;-1.572330307582549;2.758864447011917;95.94813537597656;0.0
1734967971429;305.2904052734375;376.6170043945313;323.8826904296875;392.6362915039063;0.3075631479710254;1.6386749766585933;-0.6668981475331837;0.0345145677274218;0.190980608091734;-1.572330307582549;2.758864447011917;95.94813537597656;0.0
1734967971431;305.2904052734375;376.6170043945313;323.8826904296875;392.6362915039063;0.3075631479710254;1.6386749766585933;-0.6668981475331837;0.0345145677274218;0.190980608091734;-1.572330307582549;2.758864447011917;95.94813537597656;0.0
1734967971432;305.2904052734375;376.6170043945313;323.8826904296875;392.6362915039063;0.3075631479710254;1.6386749766585933;-0.6668981475331837;0.0345145677274218;0.190980608091734;-1.572330307582549;2.758864447011917;95.94813537597656;0.0
1734967971433;305.2904052734375;376.6170043945313;323.8826904296875;392.6362915039063;0.3075631479710254;1.6386749766585933;-0.6668981475331837;0.0345145677274218;0.190980608091734;-1.572330307582549;2.758864447011917;95.94813537597656;0.0
1734967971435;305.2904052734375;376.6170043945313;323.8826904296875;392.6362915039063;0.3075631479710254;1.6386749766585933;-0.6668981475331837;0.0345145677274218;0.190980608091734;-1.572330307582549;2.758864447011917;95.94813537597656;0.0
1734967971436;305.2904052734375;376.6170043945313;323.8826904296875;392.6362915039063;0.3075631479710254;1.6386749766585933;-0.6668981475331837;0.0345145677274218;0.190980608091734;-1.572330307582549;2.758864447011917;95.94813537597656;0.0
1734967971438;305.2904052734375;376.6170043945313;323.8826904296875;392.6362915039063;0.3067961575770827;1.6382914814616218;-0.6676651379271263;0.0329805869395363;0.1898301225008199;-1.572330307582549;2.759247942208888;95.94813537597656;0.0
1734967971439;305.2904052734375;376.6170043945313;323.8826904296875;392.6362915039063;0.3067961575770827;1.6382914814616218;-0.6680486331240977;0.0333640821365077;0.1898301225008199;-1.5719468123855778;2.758864447011917;95.94813537597656;0.0
1734967971440;305.2904052734375;376.6170043945313;323.8826904296875;392.6362915039063;0.3067961575770827;1.6382914814616218;-0.6680486331240977;0.0333640821365077;0.1898301225008199;-1.5719468123855778;2.758864447011917;95.94813537597656;0.0
1734967971441;305.2904052734375;376.6170043945313;323.8826904296875;392.6362915039063;0.3067961575770827;1.6382914814616218;-0.6680486331240977;0.0333640821365077;0.1898301225008199;-1.5719468123855778;2.758864447011917;95.94813537597656;0.0
1734967971443;305.2904052734375;376.6170043945313;323.8826904296875;392.6362915039063;0.3067961575770827;1.6382914814616218;-0.6680486331240977;0.0333640821365077;0.1898301225008199;-1.5719468123855778;2.758864447011917;95.94813537597656;0.0
1734967971444;305.2904052734375;376.6170043945313;323.8826904296875;392.6362915039063;0.3067961575770827;1.6382914814616218;-0.6680486331240977;0.0333640821365077;0.1898301225008199;-1.5719468123855778;2.758864447011917;95.94813537597656;0.0
1734967971445;305.2904052734375;376.6170043945313;323.8826904296875;392.6362915039063;0.3067961575770827;1.6382914814616218;-0.6680486331240977;0.0333640821365077;0.1898301225008199;-1.5719468123855778;2.758864447011917;95.94813537597656;0.0
1734967971447;305.2904052734375;376.6170043945313;323.8826904296875;392.6362915039063;0.3067961575770827;1.6382914814616218;-0.6680486331240977;0.0333640821365077;0.1898301225008199;-1.5719468123855778;2.758864447011917;95.94813537597656;0.0
1734967971448;305.2904052734375;376.6170043945313;323.8826904296875;392.6362915039063;0.3071796527740541;1.6382914814616218;-0.6680486331240977;0.0337475773334791;0.1890631321068772;-1.572330307582549;2.758097456617974;95.94813537597656;0.0
1734967971449;305.2904052734375;376.6170043945313;323.8826904296875;392.6362915039063;0.3071796527740541;1.6382914814616218;-0.6680486331240977;0.0337475773334791;0.1890631321068772;-1.572330307582549;2.758097456617974;95.94813537597656;0.0
1734967971451;305.2904052734375;376.6170043945313;323.8826904296875;392.6362915039063;0.3071796527740541;1.6382914814616218;-0.6680486331240977;0.0337475773334791;0.1890631321068772;-1.572330307582549;2.758097456617974;95.94813537597656;0.0
1734967971452;305.2904052734375;376.6170043945313;323.8826904296875;392.6362915039063;0.3071796527740541;1.6382914814616218;-0.6680486331240977;0.0337475773334791;0.1890631321068772;-1.572330307582549;2.758097456617974;95.94813537597656;0.0
1734967971453;305.2904052734375;376.6170043945313;323.8826904296875;392.6362915039063;0.3071796527740541;1.6382914814616218;-0.6680486331240977;0.0337475773334791;0.1890631321068772;-1.572330307582549;2.758097456617974;95.94813537597656;0.0
1734967971454;305.2904052734375;376.6170043945313;323.8826904296875;392.6362915039063;0.3071796527740541;1.6382914814616218;-0.6680486331240977;0.0337475773334791;0.1890631321068772;-1.572330307582549;2.758097456617974;95.94813537597656;0.0
1734967971456;305.2904052734375;376.6170043945313;323.8826904296875;392.6362915039063;0.3071796527740541;1.6382914814616218;-0.6680486331240977;0.0337475773334791;0.1890631321068772;-1.572330307582549;2.758097456617974;95.94813537597656;0.0
1734967971457;305.2904052734375;376.6170043945313;323.8826904296875;392.6362915039063;0.3071796527740541;1.6382914814616218;-0.6680486331240977;0.0337475773334791;0.1890631321068772;-1.572330307582549;2.758097456617974;95.94813537597656;0.0
1734967971458;305.2904052734375;376.6170043945313;323.8826904296875;392.6362915039063;0.3067961575770827;1.6379079862646506;-0.6676651379271263;0.0329805869395363;0.1890631321068772;-1.572330307582549;2.758480951814945;95.94813537597656;0.0
1734967971459;305.2904052734375;376.6170043945313;323.8826904296875;392.6362915039063;0.3067961575770827;1.6379079862646506;-0.6676651379271263;0.0329805869395363;0.1890631321068772;-1.572330307582549;2.758480951814945;95.94813537597656;0.0
1734967971460;305.2904052734375;376.6170043945313;323.8826904296875;392.6362915039063;0.3067961575770827;1.6379079862646506;-0.6676651379271263;0.0329805869395363;0.1890631321068772;-1.572330307582549;2.758480951814945;95.94813537597656;0.0
1734967971461;305.2904052734375;376.6170043945313;323.8826904296875;392.6362915039063;0.3067961575770827;1.6379079862646506;-0.6676651379271263;0.0329805869395363;0.1890631321068772;-1.572330307582549;2.758480951814945;95.94813537597656;0.0
1734967971462;305.2904052734375;376.6170043945313;323.8826904296875;392.6362915039063;0.3067961575770827;1.6379079862646506;-0.6676651379271263;0.0329805869395363;0.1890631321068772;-1.572330307582549;2.758480951814945;95.94813537597656;0.0
1734967971464;305.2904052734375;376.6170043945313;323.8826904296875;392.6362915039063;0.3067961575770827;1.6379079862646506;-0.6676651379271263;0.0329805869395363;0.1890631321068772;-1.572330307582549;2.758480951814945;95.94813537597656;0.0
1734967971465;305.2904052734375;376.6170043945313;323.8826904296875;392.6362915039063;0.3067961575770827;1.6379079862646506;-0.6676651379271263;0.0329805869395363;0.1890631321068772;-1.572330307582549;2.758480951814945;95.94813537597656;0.0
1734967971466;305.2904052734375;376.6170043945313;323.8826904296875;392.6362915039063;0.3067961575770827;1.6379079862646506;-0.6676651379271263;0.0329805869395363;0.1890631321068772;-1.572330307582549;2.758480951814945;95.94813537597656;0.0
1734967971467;305.2904052734375;376.6170043945313;323.8826904296875;392.6362915039063;0.3067961575770827;1.6379079862646506;-0.6676651379271263;0.0329805869395363;0.1890631321068772;-1.572330307582549;2.758480951814945;95.94813537597656;0.0
1734967971469;305.2904052734375;376.6170043945313;323.8826904296875;392.6362915039063;0.3067961575770827;1.6379079862646506;-0.6676651379271263;0.0329805869395363;0.1890631321068772;-1.572330307582549;2.758480951814945;95.94813537597656;0.0
1734967971470;305.2904052734375;376.6170043945313;323.8826904296875;392.6362915039063;0.3067961575770827;1.6379079862646506;-0.6676651379271263;0.0329805869395363;0.1890631321068772;-1.572330307582549;2.758480951814945;95.94813537597656;0.0
1734967971472;305.2904052734375;376.6170043945313;323.8826904296875;392.6362915039063;0.3067961575770827;1.6379079862646506;-0.6676651379271263;0.0329805869395363;0.1890631321068772;-1.572330307582549;2.758480951814945;95.94813537597656;0.0
1734967971473;305.2904052734375;376.6170043945313;323.8826904296875;392.6362915039063;0.3067961575770827;1.6379079862646506;-0.6676651379271263;0.0329805869395363;0.1890631321068772;-1.572330307582549;2.758480951814945;95.94813537597656;0.0
1734967971474;305.2904052734375;376.6170043945313;323.8826904296875;392.6362915039063;0.3067961575770827;1.6379079862646506;-0.6676651379271263;0.0329805869395363;0.1890631321068772;-1.572330307582549;2.758480951814945;95.94813537597656;0.0
1734967971475;305.2904052734375;376.6170043945313;323.8826904296875;392.6362915039063;0.3067961575770827;1.6379079862646506;-0.6676651379271263;0.0329805869395363;0.1890631321068772;-1.572330307582549;2.758480951814945;95.94813537597656;0.0
1734967971477;305.2904052734375;376.6170043945313;323.8826904296875;392.6362915039063;0.3067961575770827;1.6379079862646506;-0.6676651379271263;0.0329805869395363;0.1890631321068772;-1.572330307582549;2.758480951814945;95.94813537597656;0.0
1734967971478;305.2904052734375;376.6170043945313;323.8826904296875;392.6362915039063;0.3067961575770827;1.6379079862646506;-0.6676651379271263;0.0329805869395363;0.1890631321068772;-1.572330307582549;2.758480951814945;95.94813537597656;0.0
1734967971479;305.2904052734375;376.6170043945313;323.8826904296875;392.6362915039063;0.3067961575770827;1.6379079862646506;-0.6676651379271263;0.0329805869395363;0.1890631321068772;-1.572330307582549;2.758480951814945;95.94813537597656;0.0
1734967971480;305.2904052734375;376.6170043945313;323.8826904296875;392.6362915039063;0.3067961575770827;1.6379079862646506;-0.6676651379271263;0.0329805869395363;0.1890631321068772;-1.572330307582549;2.758480951814945;95.94813537597656;0.0
1734967971482;305.2904052734375;376.6170043945313;323.8826904296875;392.6362915039063;0.3067961575770827;1.6379079862646506;-0.6676651379271263;0.0329805869395363;0.1890631321068772;-1.572330307582549;2.758480951814945;95.94813537597656;0.0
1734967971483;305.2904052734375;376.6170043945313;323.8826904296875;392.6362915039063;0.3067961575770827;1.6379079862646506;-0.6676651379271263;0.0329805869395363;0.1890631321068772;-1.572330307582549;2.758480951814945;95.94813537597656;0.0
1734967971484;305.2904052734375;376.6170043945313;323.8826904296875;392.6362915039063;0.3067961575770827;1.6379079862646506;-0.6676651379271263;0.0329805869395363;0.1890631321068772;-1.572330307582549;2.758480951814945;95.94813537597656;0.0
1734967971485;305.2904052734375;376.6170043945313;323.8826904296875;392.6362915039063;0.3067961575770827;1.6379079862646506;-0.6676651379271263;0.0329805869395363;0.1890631321068772;-1.572330307582549;2.758480951814945;95.94813537597656;0.0
1734967971486;305.2904052734375;376.6170043945313;323.8826904296875;392.6362915039063;0.3067961575770827;1.6379079862646506;-0.6676651379271263;0.0329805869395363;0.1890631321068772;-1.572330307582549;2.758480951814945;95.94813537597656;0.0
1734967971488;305.2904052734375;376.6170043945313;323.8826904296875;392.6362915039063;0.3075631479710254;1.6382914814616218;-0.6676651379271263;0.0337475773334791;0.1886796369099058;-1.5727138027795204;2.758864447011917;95.94813537597656;0.0
1734967971490;305.2904052734375;376.6170043945313;323.8826904296875;392.6362915039063;0.3075631479710254;1.6382914814616218;-0.6676651379271263;0.0337475773334791;0.1886796369099058;-1.5727138027795204;2.758864447011917;95.94813537597656;0.0
1734967971491;305.2904052734375;376.6170043945313;323.8826904296875;392.6362915039063;0.3075631479710254;1.6382914814616218;-0.6676651379271263;0.0337475773334791;0.1886796369099058;-1.5727138027795204;2.758864447011917;95.94813537597656;0.0
1734967971492;305.2904052734375;376.6170043945313;323.8826904296875;392.6362915039063;0.3075631479710254;1.6382914814616218;-0.6676651379271263;0.0337475773334791;0.1886796369099058;-1.5727138027795204;2.758864447011917;95.94813537597656;0.0
1734967971493;305.2904052734375;376.6170043945313;323.8826904296875;392.6362915039063;0.3075631479710254;1.6382914814616218;-0.6676651379271263;0.0337475773334791;0.1886796369099058;-1.5727138027795204;2.758864447011917;95.94813537597656;0.0
1734967971495;305.2904052734375;376.6170043945313;323.8826904296875;392.6362915039063;0.3075631479710254;1.6382914814616218;-0.6676651379271263;0.0337475773334791;0.1886796369099058;-1.5727138027795204;2.758864447011917;95.94813537597656;0.0
1734967971496;305.2904052734375;376.6170043945313;323.8826904296875;392.6362915039063;0.3075631479710254;1.6382914814616218;-0.6676651379271263;0.0337475773334791;0.1886796369099058;-1.5727138027795204;2.758864447011917;95.94813537597656;0.0
1734967971498;305.2904052734375;376.6170043945313;323.8826904296875;392.6362915039063;0.3079466431679968;1.6390584718555643;-0.6680486331240977;0.0333640821365077;0.1890631321068772;-1.573097297976492;2.758097456617974;95.94813537597656;0.0
1734967971499;305.2904052734375;376.6170043945313;323.8826904296875;392.6362915039063;0.3079466431679968;1.6390584718555643;-0.6680486331240977;0.0333640821365077;0.1890631321068772;-1.573097297976492;2.758097456617974;95.94813537597656;0.0
1734967971500;305.2904052734375;376.6170043945313;323.8826904296875;392.6362915039063;0.3079466431679968;1.6390584718555643;-0.6680486331240977;0.0333640821365077;0.1890631321068772;-1.573097297976492;2.758097456617974;95.94813537597656;0.0
1734967971502;305.2904052734375;376.6170043945313;323.8826904296875;392.6362915039063;0.3079466431679968;1.6390584718555643;-0.6680486331240977;0.0333640821365077;0.1890631321068772;-1.573097297976492;2.758097456617974;95.94813537597656;0.0
1734967971503;305.2904052734375;376.6170043945313;323.8826904296875;392.6362915039063;0.3079466431679968;1.6390584718555643;-0.6680486331240977;0.0333640821365077;0.1890631321068772;-1.573097297976492;2.758097456617974;95.94813537597656;0.0
1734967971504;305.2904052734375;376.6170043945313;323.8826904296875;392.6362915039063;0.3079466431679968;1.6390584718555643;-0.6680486331240977;0.0333640821365077;0.1890631321068772;-1.573097297976492;2.758097456617974;95.94813537597656;0.0
1734967971505;305.2904052734375;376.6170043945313;323.8826904296875;392.6362915039063;0.3079466431679968;1.6390584718555643;-0.6680486331240977;0.0333640821365077;0.1890631321068772;-1.573097297976492;2.758097456617974;95.94813537597656;0.0
1734967971506;305.2904052734375;376.6170043945313;323.8826904296875;392.6362915039063;0.3079466431679968;1.6390584718555643;-0.6680486331240977;0.0333640821365077;0.1890631321068772;-1.573097297976492;2.758097456617974;95.94813537597656;0.0
1734967971508;305.2904052734375;376.6170043945313;323.8826904296875;392.6362915039063;0.3075631479710254;1.6390584718555643;-0.6676651379271263;0.0333640821365077;0.1890631321068772;-1.5727138027795204;2.758864447011917;95.94813537597656;0.0
1734967971509;305.2904052734375;376.6170043945313;323.8826904296875;392.6362915039063;0.3075631479710254;1.6390584718555643;-0.6676651379271263;0.0333640821365077;0.1890631321068772;-1.5727138027795204;2.758864447011917;95.94813537597656;0.0
1734967971510;305.2904052734375;376.6170043945313;323.8826904296875;392.6362915039063;0.3075631479710254;1.6390584718555643;-0.6676651379271263;0.0333640821365077;0.1890631321068772;-1.5727138027795204;2.758864447011917;95.94813537597656;0.0
1734967971511;305.2904052734375;376.6170043945313;323.8826904296875;392.6362915039063;0.3075631479710254;1.6390584718555643;-0.6676651379271263;0.0333640821365077;0.1890631321068772;-1.5727138027795204;2.758864447011917;95.94813537597656;0.0
1734967971512;305.2904052734375;376.6170043945313;323.8826904296875;392.6362915039063;0.3075631479710254;1.6390584718555643;-0.6676651379271263;0.0333640821365077;0.1890631321068772;-1.5727138027795204;2.758864447011917;95.94813537597656;0.0
1734967971514;305.2904052734375;376.6170043945313;323.8826904296875;392.6362915039063;0.3075631479710254;1.6390584718555643;-0.6676651379271263;0.0333640821365077;0.1890631321068772;-1.5727138027795204;2.758864447011917;95.94813537597656;0.0
1734967971515;305.2904052734375;376.6170043945313;323.8826904296875;392.6362915039063;0.3075631479710254;1.6390584718555643;-0.6676651379271263;0.0333640821365077;0.1890631321068772;-1.5727138027795204;2.758864447011917;95.94813537597656;0.0
1734967971516;305.2904052734375;376.6170043945313;323.8826904296875;392.6362915039063;0.3075631479710254;1.6390584718555643;-0.6676651379271263;0.0333640821365077;0.1890631321068772;-1.5727138027795204;2.758864447011917;95.94813537597656;0.0
1734967971517;305.2904052734375;376.6170043945313;323.8826904296875;392.6362915039063;0.3075631479710254;1.6390584718555643;-0.6676651379271263;0.0333640821365077;0.1890631321068772;-1.5727138027795204;2.758864447011917;95.94813537597656;0.0
1734967971519;305.2904052734375;376.6170043945313;323.8826904296875;392.6362915039063;0.3075631479710254;1.6390584718555643;-0.6676651379271263;0.0333640821365077;0.1890631321068772;-1.5727138027795204;2.758864447011917;95.94813537597656;0.0
1734967971520;305.2904052734375;376.6170043945313;323.8826904296875;392.6362915039063;0.3075631479710254;1.6390584718555643;-0.6676651379271263;0.0333640821365077;0.1890631321068772;-1.5727138027795204;2.758864447011917;95.94813537597656;0.0
1734967971521;305.2904052734375;376.6170043945313;323.8826904296875;392.6362915039063;0.3075631479710254;1.6390584718555643;-0.6676651379271263;0.0333640821365077;0.1890631321068772;-1.5727138027795204;2.758864447011917;95.94813537597656;0.0
1734967971522;305.2904052734375;376.6170043945313;323.8826904296875;392.6362915039063;0.3075631479710254;1.6390584718555643;-0.6676651379271263;0.0333640821365077;0.1890631321068772;-1.5727138027795204;2.758864447011917;95.94813537597656;0.0
1734967971524;305.2904052734375;376.6170043945313;323.8826904296875;392.6362915039063;0.3075631479710254;1.6390584718555643;-0.6676651379271263;0.0333640821365077;0.1890631321068772;-1.5727138027795204;2.758864447011917;95.94813537597656;0.0
1734967971525;305.2904052734375;376.6170043945313;323.8826904296875;392.6362915039063;0.3075631479710254;1.6390584718555643;-0.6676651379271263;0.0333640821365077;0.1890631321068772;-1.5727138027795204;2.758864447011917;95.94813537597656;0.0
1734967971526;305.2904052734375;376.6170043945313;323.8826904296875;392.6362915039063;0.3075631479710254;1.6390584718555643;-0.6676651379271263;0.0333640821365077;0.1890631321068772;-1.5727138027795204;2.758864447011917;95.94813537597656;0.0
1734967971527;305.2904052734375;376.6170043945313;323.8826904296875;392.6362915039063;0.3075631479710254;1.6390584718555643;-0.6676651379271263;0.0333640821365077;0.1890631321068772;-1.5727138027795204;2.758864447011917;95.94813537597656;0.0
1734967971529;305.2904052734375;376.6170043945313;323.8826904296875;392.6362915039063;0.3075631479710254;1.6390584718555643;-0.6676651379271263;0.0333640821365077;0.1890631321068772;-1.5727138027795204;2.758864447011917;95.94813537597656;0.0
1734967971530;305.2904052734375;376.6170043945313;323.8826904296875;392.6362915039063;0.3075631479710254;1.6390584718555643;-0.6676651379271263;0.0333640821365077;0.1890631321068772;-1.5727138027795204;2.758864447011917;95.94813537597656;0.0
1734967971531;305.2904052734375;376.6170043945313;323.8826904296875;392.6362915039063;0.3075631479710254;1.6390584718555643;-0.6676651379271263;0.0333640821365077;0.1890631321068772;-1.5727138027795204;2.758864447011917;95.94813537597656;0.0
1734967971532;305.2904052734375;376.6170043945313;323.8826904296875;392.6362915039063;0.3075631479710254;1.6390584718555643;-0.6676651379271263;0.0333640821365077;0.1890631321068772;-1.5727138027795204;2.758864447011917;95.94813537597656;0.0
1734967971534;305.2904052734375;376.6170043945313;323.8826904296875;392.6362915039063;0.3075631479710254;1.6390584718555643;-0.6676651379271263;0.0333640821365077;0.1890631321068772;-1.5727138027795204;2.758864447011917;95.94813537597656;0.0
1734967971535;305.2904052734375;376.6170043945313;323.8826904296875;392.6362915039063;0.3075631479710254;1.6390584718555643;-0.6676651379271263;0.0333640821365077;0.1890631321068772;-1.5727138027795204;2.758864447011917;95.94813537597656;0.0
1734967971536;305.2904052734375;376.6170043945313;323.8826904296875;392.6362915039063;0.3075631479710254;1.6390584718555643;-0.6676651379271263;0.0333640821365077;0.1890631321068772;-1.5727138027795204;2.758864447011917;95.94813537597656;0.0
1734967971538;305.2904052734375;376.6170043945313;323.8826904296875;392.6362915039063;0.3071796527740541;1.6390584718555643;-0.6668981475331837;0.0329805869395363;0.1886796369099058;-1.5715633171886063;2.758480951814945;95.94813537597656;0.0
1734967971539;305.2904052734375;376.6170043945313;323.8826904296875;392.6362915039063;0.3075631479710254;1.6390584718555643;-0.6680486331240977;0.0329805869395363;0.1890631321068772;-1.572330307582549;2.758480951814945;95.94813537597656;0.0
1734967971540;305.2904052734375;376.6170043945313;323.8826904296875;392.6362915039063;0.3075631479710254;1.6390584718555643;-0.6680486331240977;0.0329805869395363;0.1890631321068772;-1.572330307582549;2.758480951814945;95.94813537597656;0.0
1734967971541;305.2904052734375;376.6170043945313;323.8826904296875;392.6362915039063;0.3075631479710254;1.6390584718555643;-0.6680486331240977;0.0329805869395363;0.1890631321068772;-1.572330307582549;2.758480951814945;95.94813537597656;0.0
1734967971542;305.2904052734375;376.6170043945313;323.8826904296875;392.6362915039063;0.3075631479710254;1.6390584718555643;-0.6680486331240977;0.0329805869395363;0.1890631321068772;-1.572330307582549;2.758480951814945;95.94813537597656;0.0
1734967971543;305.2904052734375;376.6170043945313;323.8826904296875;392.6362915039063;0.3075631479710254;1.6390584718555643;-0.6680486331240977;0.0329805869395363;0.1890631321068772;-1.572330307582549;2.758480951814945;95.94813537597656;0.0
1734967971545;305.2904052734375;376.6170043945313;323.8826904296875;392.6362915039063;0.3075631479710254;1.6390584718555643;-0.6680486331240977;0.0329805869395363;0.1890631321068772;-1.572330307582549;2.758480951814945;95.94813537597656;0.0
1734967971546;305.2904052734375;376.6170043945313;323.8826904296875;392.6362915039063;0.3075631479710254;1.6390584718555643;-0.6680486331240977;0.0329805869395363;0.1890631321068772;-1.572330307582549;2.758480951814945;95.94813537597656;0.0
1734967971547;305.2904052734375;376.6170043945313;323.8826904296875;392.6362915039063;0.3071796527740541;1.6382914814616218;-0.667281642730155;0.0337475773334791;0.1890631321068772;-1.572330307582549;2.759247942208888;95.94813537597656;0.0
1734967971549;305.2904052734375;376.6170043945313;323.8826904296875;392.6362915039063;0.3071796527740541;1.6382914814616218;-0.667281642730155;0.0337475773334791;0.1890631321068772;-1.572330307582549;2.759247942208888;95.94813537597656;0.0
1734967971550;305.2904052734375;376.6170043945313;323.8826904296875;392.6362915039063;0.3071796527740541;1.6382914814616218;-0.667281642730155;0.0337475773334791;0.1890631321068772;-1.572330307582549;2.759247942208888;95.94813537597656;0.0
1734967971551;305.2904052734375;376.6170043945313;323.8826904296875;392.6362915039063;0.3071796527740541;1.6382914814616218;-0.667281642730155;0.0337475773334791;0.1890631321068772;-1.572330307582549;2.759247942208888;95.94813537597656;0.0
1734967971552;305.2904052734375;376.6170043945313;323.8826904296875;392.6362915039063;0.3071796527740541;1.6382914814616218;-0.667281642730155;0.0337475773334791;0.1890631321068772;-1.572330307582549;2.759247942208888;95.94813537597656;0.0
1734967971554;305.2904052734375;376.6170043945313;323.8826904296875;392.6362915039063;0.3071796527740541;1.6382914814616218;-0.667281642730155;0.0337475773334791;0.1890631321068772;-1.572330307582549;2.759247942208888;95.94813537597656;0.0
1734967971555;305.2904052734375;376.6170043945313;323.8826904296875;392.6362915039063;0.3071796527740541;1.6382914814616218;-0.667281642730155;0.0337475773334791;0.1890631321068772;-1.572330307582549;2.759247942208888;95.94813537597656;0.0
1734967971556;305.2904052734375;376.6170043945313;323.8826904296875;392.6362915039063;0.3071796527740541;1.6382914814616218;-0.667281642730155;0.0337475773334791;0.1890631321068772;-1.572330307582549;2.759247942208888;95.94813537597656;0.0
1734967971559;305.2904052734375;376.6170043945313;323.8826904296875;392.6362915039063;0.3067961575770827;1.6382914814616218;-0.6676651379271263;0.0333640821365077;0.1894466273038486;-1.5727138027795204;2.7577139614210027;95.94813537597656;0.0
1734967971560;305.2904052734375;376.6170043945313;323.8826904296875;392.6362915039063;0.3067961575770827;1.6382914814616218;-0.6676651379271263;0.0333640821365077;0.1894466273038486;-1.5727138027795204;2.7577139614210027;95.94813537597656;0.0
1734967971561;305.2904052734375;376.6170043945313;323.8826904296875;392.6362915039063;0.3067961575770827;1.6382914814616218;-0.6676651379271263;0.0333640821365077;0.1894466273038486;-1.5727138027795204;2.7577139614210027;95.94813537597656;0.0
1734967971562;305.2904052734375;376.6170043945313;323.8826904296875;392.6362915039063;0.3067961575770827;1.6382914814616218;-0.6676651379271263;0.0333640821365077;0.1894466273038486;-1.5727138027795204;2.7577139614210027;95.94813537597656;0.0
1734967971564;305.2904052734375;376.6170043945313;323.8826904296875;392.6362915039063;0.3067961575770827;1.6382914814616218;-0.6676651379271263;0.0333640821365077;0.1894466273038486;-1.5727138027795204;2.7577139614210027;95.94813537597656;0.0
1734967971565;305.2904052734375;376.6170043945313;323.8826904296875;392.6362915039063;0.3067961575770827;1.6382914814616218;-0.6676651379271263;0.0333640821365077;0.1894466273038486;-1.5727138027795204;2.7577139614210027;95.94813537597656;0.0
1734967971566;305.2904052734375;376.6170043945313;323.8826904296875;392.6362915039063;0.3067961575770827;1.6382914814616218;-0.6676651379271263;0.0333640821365077;0.1894466273038486;-1.5727138027795204;2.7577139614210027;95.94813537597656;0.0
1734967971568;305.2904052734375;376.6170043945313;323.8826904296875;392.6362915039063;0.3067961575770827;1.6382914814616218;-0.6676651379271263;0.0333640821365077;0.1894466273038486;-1.5727138027795204;2.7577139614210027;95.94813537597656;0.0
1734967971569;305.2904052734375;376.6170043945313;323.8826904296875;392.6362915039063;0.3067961575770827;1.6382914814616218;-0.6676651379271263;0.0333640821365077;0.1894466273038486;-1.5727138027795204;2.7577139614210027;95.94813537597656;0.0
1734967971571;305.2904052734375;376.6170043945313;323.8826904296875;392.6362915039063;0.3067961575770827;1.6382914814616218;-0.6676651379271263;0.0333640821365077;0.1894466273038486;-1.5727138027795204;2.7577139614210027;95.94813537597656;0.0
1734967971572;305.2904052734375;376.6170043945313;323.8826904296875;392.6362915039063;0.3067961575770827;1.6382914814616218;-0.6676651379271263;0.0333640821365077;0.1894466273038486;-1.5727138027795204;2.7577139614210027;95.94813537597656;0.0
1734967971574;305.2904052734375;376.6170043945313;323.8826904296875;392.6362915039063;0.3067961575770827;1.6382914814616218;-0.6676651379271263;0.0333640821365077;0.1894466273038486;-1.5727138027795204;2.7577139614210027;95.94813537597656;0.0
1734967971575;305.2904052734375;376.6170043945313;323.8826904296875;392.6362915039063;0.3067961575770827;1.6382914814616218;-0.6676651379271263;0.0333640821365077;0.1894466273038486;-1.5727138027795204;2.7577139614210027;95.94813537597656;0.0
1734967971576;305.2904052734375;376.6170043945313;323.8826904296875;392.6362915039063;0.3067961575770827;1.6382914814616218;-0.6676651379271263;0.0333640821365077;0.1894466273038486;-1.5727138027795204;2.7577139614210027;95.94813537597656;0.0
1734967971578;305.2904052734375;376.6170043945313;323.8826904296875;392.6362915039063;0.3067961575770827;1.6382914814616218;-0.6676651379271263;0.0333640821365077;0.1894466273038486;-1.5727138027795204;2.7577139614210027;95.94813537597656;0.0
1734967971579;305.2904052734375;376.6170043945313;323.8826904296875;392.6362915039063;0.3067961575770827;1.6382914814616218;-0.6676651379271263;0.0333640821365077;0.1894466273038486;-1.5727138027795204;2.7577139614210027;95.94813537597656;0.0
1734967971580;305.2904052734375;376.6170043945313;323.8826904296875;392.6362915039063;0.3067961575770827;1.6382914814616218;-0.6676651379271263;0.0333640821365077;0.1894466273038486;-1.5727138027795204;2.7577139614210027;95.94813537597656;0.0
1734967971581;305.2904052734375;376.6170043945313;323.8826904296875;392.6362915039063;0.3067961575770827;1.6382914814616218;-0.6676651379271263;0.0333640821365077;0.1894466273038486;-1.5727138027795204;2.7577139614210027;95.94813537597656;0.0
1734967971583;305.2904052734375;376.6170043945313;323.8826904296875;392.6362915039063;0.3067961575770827;1.6382914814616218;-0.6676651379271263;0.0333640821365077;0.1894466273038486;-1.5727138027795204;2.7577139614210027;95.94813537597656;0.0
1734967971584;305.2904052734375;376.6170043945313;323.8826904296875;392.6362915039063;0.3067961575770827;1.6382914814616218;-0.6676651379271263;0.0333640821365077;0.1894466273038486;-1.5727138027795204;2.7577139614210027;95.94813537597656;0.0
1734967971585;305.2904052734375;376.6170043945313;323.8826904296875;392.6362915039063;0.3067961575770827;1.6382914814616218;-0.6676651379271263;0.0333640821365077;0.1894466273038486;-1.5727138027795204;2.7577139614210027;95.94813537597656;0.0
1734967971586;305.2904052734375;376.6170043945313;323.8826904296875;392.6362915039063;0.3067961575770827;1.6382914814616218;-0.6676651379271263;0.0333640821365077;0.1894466273038486;-1.5727138027795204;2.7577139614210027;95.94813537597656;0.0
1734967971588;305.2904052734375;376.6170043945313;323.8826904296875;392.6362915039063;0.3071796527740541;1.6386749766585933;-0.667281642730155;0.0333640821365077;0.1886796369099058;-1.5719468123855778;2.758097456617974;95.94813537597656;0.0
1734967971589;305.2904052734375;376.6170043945313;323.8826904296875;392.6362915039063;0.3083301383649681;1.6382914814616218;-0.6665146523362123;0.032597091742565;0.1890631321068772;-1.572330307582549;2.758097456617974;95.94813537597656;0.0
1734967971590;305.2904052734375;376.6170043945313;323.8826904296875;392.6362915039063;0.3083301383649681;1.6382914814616218;-0.6665146523362123;0.032597091742565;0.1890631321068772;-1.572330307582549;2.758097456617974;95.94813537597656;0.0
1734967971592;305.2904052734375;376.6170043945313;323.8826904296875;392.6362915039063;0.3083301383649681;1.6382914814616218;-0.6665146523362123;0.032597091742565;0.1890631321068772;-1.572330307582549;2.758097456617974;95.94813537597656;0.0
1734967971593;305.2904052734375;376.6170043945313;323.8826904296875;392.6362915039063;0.3083301383649681;1.6382914814616218;-0.6665146523362123;0.032597091742565;0.1890631321068772;-1.572330307582549;2.758097456617974;95.94813537597656;0.0
1734967971594;305.2904052734375;376.6170043945313;323.8826904296875;392.6362915039063;0.3083301383649681;1.6382914814616218;-0.6665146523362123;0.032597091742565;0.1890631321068772;-1.572330307582549;2.758097456617974;95.94813537597656;0.0
1734967971595;305.2904052734375;376.6170043945313;323.8826904296875;392.6362915039063;0.3083301383649681;1.6382914814616218;-0.6665146523362123;0.032597091742565;0.1890631321068772;-1.572330307582549;2.758097456617974;95.94813537597656;0.0
1734967971596;305.2904052734375;376.6170043945313;323.8826904296875;392.6362915039063;0.3083301383649681;1.6382914814616218;-0.6665146523362123;0.032597091742565;0.1890631321068772;-1.572330307582549;2.758097456617974;95.94813537597656;0.0
1734967971598;305.2904052734375;376.6170043945313;323.8826904296875;392.6362915039063;0.3075631479710254;1.6386749766585933;-0.6668981475331837;0.0337475773334791;0.1886796369099058;-1.572330307582549;2.758097456617974;95.94813537597656;0.0
1734967971599;305.2904052734375;376.6170043945313;323.8826904296875;392.6362915039063;0.3075631479710254;1.6386749766585933;-0.6668981475331837;0.0337475773334791;0.1886796369099058;-1.572330307582549;2.758097456617974;95.94813537597656;0.0
1734967971600;305.2904052734375;376.6170043945313;323.8826904296875;392.6362915039063;0.3075631479710254;1.6386749766585933;-0.6668981475331837;0.0337475773334791;0.1886796369099058;-1.572330307582549;2.758097456617974;95.94813537597656;0.0
1734967971602;305.2904052734375;376.6170043945313;323.8826904296875;392.6362915039063;0.3075631479710254;1.6386749766585933;-0.6668981475331837;0.0337475773334791;0.1886796369099058;-1.572330307582549;2.758097456617974;95.94813537597656;0.0
1734967971603;305.2904052734375;376.6170043945313;323.8826904296875;392.6362915039063;0.3075631479710254;1.6386749766585933;-0.6668981475331837;0.0337475773334791;0.1886796369099058;-1.572330307582549;2.758097456617974;95.94813537597656;0.0
1734967971604;305.2904052734375;376.6170043945313;323.8826904296875;392.6362915039063;0.3075631479710254;1.6386749766585933;-0.6668981475331837;0.0337475773334791;0.1886796369099058;-1.572330307582549;2.758097456617974;95.94813537597656;0.0
1734967971606;305.2904052734375;376.6170043945313;323.8826904296875;392.6362915039063;0.3075631479710254;1.6386749766585933;-0.6668981475331837;0.0337475773334791;0.1886796369099058;-1.572330307582549;2.758097456617974;95.94813537597656;0.0
1734967971608;305.2904052734375;376.6170043945313;323.8826904296875;392.6362915039063;0.3071796527740541;1.6382914814616218;-0.6665146523362123;0.032597091742565;0.1890631321068772;-1.573097297976492;2.758480951814945;95.94813537597656;0.0
1734967971609;305.2904052734375;376.6170043945313;323.8826904296875;392.6362915039063;0.3071796527740541;1.6382914814616218;-0.6665146523362123;0.032597091742565;0.1890631321068772;-1.573097297976492;2.758480951814945;95.94813537597656;0.0
1734967971610;305.2904052734375;376.6170043945313;323.8826904296875;392.6362915039063;0.3071796527740541;1.6382914814616218;-0.6665146523362123;0.032597091742565;0.1890631321068772;-1.573097297976492;2.758480951814945;95.94813537597656;0.0
1734967971611;305.2904052734375;376.6170043945313;323.8826904296875;392.6362915039063;0.3071796527740541;1.6382914814616218;-0.6665146523362123;0.032597091742565;0.1890631321068772;-1.573097297976492;2.758480951814945;95.94813537597656;0.0
1734967971613;305.2904052734375;376.6170043945313;323.8826904296875;392.6362915039063;0.3071796527740541;1.6382914814616218;-0.6665146523362123;0.032597091742565;0.1890631321068772;-1.573097297976492;2.758480951814945;95.94813537597656;0.0
1734967971614;305.2904052734375;376.6170043945313;323.8826904296875;392.6362915039063;0.3071796527740541;1.6382914814616218;-0.6665146523362123;0.032597091742565;0.1890631321068772;-1.573097297976492;2.758480951814945;95.94813537597656;0.0
1734967971615;305.2904052734375;376.6170043945313;323.8826904296875;392.6362915039063;0.3071796527740541;1.6382914814616218;-0.6665146523362123;0.032597091742565;0.1890631321068772;-1.573097297976492;2.758480951814945;95.94813537597656;0.0
1734967971616;305.2904052734375;376.6170043945313;323.8826904296875;392.6362915039063;0.3071796527740541;1.6382914814616218;-0.6665146523362123;0.032597091742565;0.1890631321068772;-1.573097297976492;2.758480951814945;95.94813537597656;0.0
1734967971618;305.2904052734375;376.6170043945313;323.8826904296875;392.6362915039063;0.3071796527740541;1.6382914814616218;-0.6665146523362123;0.032597091742565;0.1890631321068772;-1.573097297976492;2.758480951814945;95.94813537597656;0.0
1734967971619;305.2904052734375;376.6170043945313;323.8826904296875;392.6362915039063;0.3071796527740541;1.6382914814616218;-0.6665146523362123;0.032597091742565;0.1890631321068772;-1.573097297976492;2.758480951814945;95.94813537597656;0.0
1734967971620;305.2904052734375;376.6170043945313;323.8826904296875;392.6362915039063;0.3071796527740541;1.6382914814616218;-0.6665146523362123;0.032597091742565;0.1890631321068772;-1.573097297976492;2.758480951814945;95.94813537597656;0.0
1734967971622;305.2904052734375;376.6170043945313;323.8826904296875;392.6362915039063;0.3071796527740541;1.6382914814616218;-0.6665146523362123;0.032597091742565;0.1890631321068772;-1.573097297976492;2.758480951814945;95.94813537597656;0.0
1734967971623;305.2904052734375;376.6170043945313;323.8826904296875;392.6362915039063;0.3071796527740541;1.6382914814616218;-0.6665146523362123;0.032597091742565;0.1890631321068772;-1.573097297976492;2.758480951814945;95.94813537597656;0.0
1734967971624;305.2904052734375;376.6170043945313;323.8826904296875;392.6362915039063;0.3071796527740541;1.6382914814616218;-0.6665146523362123;0.032597091742565;0.1890631321068772;-1.573097297976492;2.758480951814945;95.94813537597656;0.0
1734967971625;305.2904052734375;376.6170043945313;323.8826904296875;392.6362915039063;0.3071796527740541;1.6382914814616218;-0.6665146523362123;0.032597091742565;0.1890631321068772;-1.573097297976492;2.758480951814945;95.94813537597656;0.0
1734967971627;305.2904052734375;376.6170043945313;323.8826904296875;392.6362915039063;0.3071796527740541;1.6382914814616218;-0.6665146523362123;0.032597091742565;0.1890631321068772;-1.573097297976492;2.758480951814945;95.94813537597656;0.0
1734967971628;305.2904052734375;376.6170043945313;323.8826904296875;392.6362915039063;0.3071796527740541;1.6382914814616218;-0.6665146523362123;0.032597091742565;0.1890631321068772;-1.573097297976492;2.758480951814945;95.94813537597656;0.0
1734967971629;305.2904052734375;376.6170043945313;323.8826904296875;392.6362915039063;0.3071796527740541;1.6382914814616218;-0.6665146523362123;0.032597091742565;0.1890631321068772;-1.573097297976492;2.758480951814945;95.94813537597656;0.0
1734967971630;305.2904052734375;376.6170043945313;323.8826904296875;392.6362915039063;0.3071796527740541;1.6382914814616218;-0.6665146523362123;0.032597091742565;0.1890631321068772;-1.573097297976492;2.758480951814945;95.94813537597656;0.0
1734967971632;305.2904052734375;376.6170043945313;323.8826904296875;392.6362915039063;0.3071796527740541;1.6382914814616218;-0.6665146523362123;0.032597091742565;0.1890631321068772;-1.573097297976492;2.758480951814945;95.94813537597656;0.0
1734967971633;305.2904052734375;376.6170043945313;323.8826904296875;392.6362915039063;0.3071796527740541;1.6382914814616218;-0.6665146523362123;0.032597091742565;0.1890631321068772;-1.573097297976492;2.758480951814945;95.94813537597656;0.0
1734967971634;305.2904052734375;376.6170043945313;323.8826904296875;392.6362915039063;0.3071796527740541;1.6382914814616218;-0.6665146523362123;0.032597091742565;0.1890631321068772;-1.573097297976492;2.758480951814945;95.94813537597656;0.0
1734967971636;305.2904052734375;376.6170043945313;323.8826904296875;392.6362915039063;0.3071796527740541;1.6382914814616218;-0.6665146523362123;0.032597091742565;0.1890631321068772;-1.573097297976492;2.758480951814945;95.94813537597656;0.0
1734967971637;305.2904052734375;376.6170043945313;323.8826904296875;392.6362915039063;0.3071796527740541;1.6382914814616218;-0.6665146523362123;0.032597091742565;0.1890631321068772;-1.573097297976492;2.758480951814945;95.94813537597656;0.0
1734967971639;305.2904052734375;376.6170043945313;323.8826904296875;392.6362915039063;0.3079466431679968;1.6390584718555643;-0.6665146523362123;0.0333640821365077;0.1890631321068772;-1.572330307582549;2.758864447011917;95.94813537597656;0.0
1734967971640;305.2904052734375;376.6170043945313;323.8826904296875;392.6362915039063;0.3079466431679968;1.6390584718555643;-0.6665146523362123;0.0333640821365077;0.1890631321068772;-1.572330307582549;2.758864447011917;95.94813537597656;0.0
1734967971641;305.2904052734375;376.6170043945313;323.8826904296875;392.6362915039063;0.3079466431679968;1.6390584718555643;-0.6665146523362123;0.0333640821365077;0.1890631321068772;-1.572330307582549;2.758864447011917;95.94813537597656;0.0
1734967971642;305.2904052734375;376.6170043945313;323.8826904296875;392.6362915039063;0.3079466431679968;1.6390584718555643;-0.6665146523362123;0.0333640821365077;0.1890631321068772;-1.572330307582549;2.758864447011917;95.94813537597656;0.0
1734967971644;305.2904052734375;376.6170043945313;323.8826904296875;392.6362915039063;0.3079466431679968;1.6390584718555643;-0.6665146523362123;0.0333640821365077;0.1890631321068772;-1.572330307582549;2.758864447011917;95.94813537597656;0.0
1734967971645;305.2904052734375;376.6170043945313;323.8826904296875;392.6362915039063;0.3079466431679968;1.6390584718555643;-0.6665146523362123;0.0333640821365077;0.1890631321068772;-1.572330307582549;2.758864447011917;95.94813537597656;0.0
1734967971646;305.2904052734375;376.6170043945313;323.8826904296875;392.6362915039063;0.3079466431679968;1.6390584718555643;-0.6665146523362123;0.0333640821365077;0.1890631321068772;-1.572330307582549;2.758864447011917;95.94813537597656;0.0
1734967971648;305.2904052734375;376.6170043945313;323.8826904296875;392.6362915039063;0.3079466431679968;1.6390584718555643;-0.6665146523362123;0.0329805869395363;0.1894466273038486;-1.572330307582549;2.7577139614210027;95.94813537597656;0.0
1734967971649;305.2904052734375;376.6170043945313;323.8826904296875;392.6362915039063;0.3079466431679968;1.6390584718555643;-0.6665146523362123;0.0329805869395363;0.1894466273038486;-1.572330307582549;2.7577139614210027;95.94813537597656;0.0
1734967971650;305.2904052734375;376.6170043945313;323.8826904296875;392.6362915039063;0.3079466431679968;1.6390584718555643;-0.6665146523362123;0.0329805869395363;0.1894466273038486;-1.572330307582549;2.7577139614210027;95.94813537597656;0.0
1734967971651;305.2904052734375;376.6170043945313;323.8826904296875;392.6362915039063;0.3079466431679968;1.6390584718555643;-0.6665146523362123;0.0329805869395363;0.1894466273038486;-1.572330307582549;2.7577139614210027;95.94813537597656;0.0
1734967971652;305.2904052734375;376.6170043945313;323.8826904296875;392.6362915039063;0.3079466431679968;1.6390584718555643;-0.6665146523362123;0.0329805869395363;0.1894466273038486;-1.572330307582549;2.7577139614210027;95.94813537597656;0.0
1734967971653;305.2904052734375;376.6170043945313;323.8826904296875;392.6362915039063;0.3079466431679968;1.6390584718555643;-0.6665146523362123;0.0329805869395363;0.1894466273038486;-1.572330307582549;2.7577139614210027;95.94813537597656;0.0
1734967971655;305.2904052734375;376.6170043945313;323.8826904296875;392.6362915039063;0.3079466431679968;1.6390584718555643;-0.6665146523362123;0.0329805869395363;0.1894466273038486;-1.572330307582549;2.7577139614210027;95.94813537597656;0.0
1734967971656;305.2904052734375;376.6170043945313;323.8826904296875;392.6362915039063;0.3079466431679968;1.6390584718555643;-0.6665146523362123;0.0329805869395363;0.1894466273038486;-1.572330307582549;2.7577139614210027;95.94813537597656;0.0
1734967971658;305.2904052734375;376.6170043945313;323.8826904296875;392.6362915039063;0.3075631479710254;1.6386749766585933;-0.667281642730155;0.032597091742565;0.1886796369099058;-1.5719468123855778;2.758480951814945;95.94813537597656;0.0
1734967971659;305.2904052734375;376.6170043945313;323.8826904296875;392.6362915039063;0.3075631479710254;1.6386749766585933;-0.667281642730155;0.032597091742565;0.1886796369099058;-1.5719468123855778;2.758480951814945;95.94813537597656;0.0
1734967971661;305.2904052734375;376.6170043945313;323.8826904296875;392.6362915039063;0.3075631479710254;1.6386749766585933;-0.667281642730155;0.032597091742565;0.1886796369099058;-1.5719468123855778;2.758480951814945;95.94813537597656;0.0
1734967971662;305.2904052734375;376.6170043945313;323.8826904296875;392.6362915039063;0.3075631479710254;1.6386749766585933;-0.667281642730155;0.032597091742565;0.1886796369099058;-1.5719468123855778;2.758480951814945;95.94813537597656;0.0
1734967971663;305.2904052734375;376.6170043945313;323.8826904296875;392.6362915039063;0.3075631479710254;1.6386749766585933;-0.667281642730155;0.032597091742565;0.1886796369099058;-1.5719468123855778;2.758480951814945;95.94813537597656;0.0
1734967971664;305.2904052734375;376.6170043945313;323.8826904296875;392.6362915039063;0.3075631479710254;1.6386749766585933;-0.667281642730155;0.032597091742565;0.1886796369099058;-1.5719468123855778;2.758480951814945;95.94813537597656;0.0
1734967971666;305.2904052734375;376.6170043945313;323.8826904296875;392.6362915039063;0.3075631479710254;1.6386749766585933;-0.667281642730155;0.032597091742565;0.1886796369099058;-1.5719468123855778;2.758480951814945;95.94813537597656;0.0
1734967971667;305.2904052734375;376.6170043945313;323.8826904296875;392.6362915039063;0.3075631479710254;1.6386749766585933;-0.667281642730155;0.032597091742565;0.1886796369099058;-1.5719468123855778;2.758480951814945;95.94813537597656;0.0
1734967971668;305.2904052734375;376.6170043945313;323.8826904296875;392.6362915039063;0.3075631479710254;1.6386749766585933;-0.667281642730155;0.032597091742565;0.1886796369099058;-1.5719468123855778;2.758480951814945;95.94813537597656;0.0
1734967971670;305.2904052734375;376.6170043945313;323.8826904296875;392.6362915039063;0.3075631479710254;1.6386749766585933;-0.667281642730155;0.032597091742565;0.1886796369099058;-1.5719468123855778;2.758480951814945;95.94813537597656;0.0
1734967971671;305.2904052734375;376.6170043945313;323.8826904296875;392.6362915039063;0.3075631479710254;1.6386749766585933;-0.667281642730155;0.032597091742565;0.1886796369099058;-1.5719468123855778;2.758480951814945;95.94813537597656;0.0
1734967971672;305.2904052734375;376.6170043945313;323.8826904296875;392.6362915039063;0.3075631479710254;1.6386749766585933;-0.667281642730155;0.032597091742565;0.1886796369099058;-1.5719468123855778;2.758480951814945;95.94813537597656;0.0
